1723 3054
299 242 444 282 EXCURSUS
461 245 496 282 HI.
696 241 742 285 ’165

53 348 165 388 seiunctum
188 348 213 387 sit
235 361 281 387 roc.
304 336 435 402 ἐπαγγελίαζ
458 362 469 386 a
487 361 504 386 v.
525 351 568 396 20,
591 348 665 386 addere
683 352 741 386 certe

49 424 134 463 debebat
155 423 205 469 ,ἾΠἾ
225 437 277 471 curo3
294 428 313 461 et
328 437 372 462 voc.
392 425 461 471 ἾΠΝ,
478 424 512 462 ubi
527 419 740 477 uuuct‘sccadt'tmpe-

51 499 146 539 truaclt'oe
162 498 218 537 notio
237 499 380 549 exprimenda,
400 498 460 549 paulo
469 492 606 546 insolentius,
622 499 695 546 credo,
711 499 740 536 di·

49 578 137 620 ceretur,
154 596 178 602 —
198 574 217 622 3)
234 586 275 611 non
292 574 362 621 video,
379 573 481 624 quomodo
498 573 552 610 haec
562 573 615 610 inter
630 586 651 611 se
668 570 740 611 cohae-

49 652 115 699 reant:
138 643 148 689 ὁ
166 646 188 690 δὲ
205 660 250 702 pec.
267 650 326 704 utqp.
343 644 381 690 οὐκ
395 639 420 702 ἦν
440 653 461 685 et
481 642 490 689 ὃ
511 645 533 689 δὲ
552 643 605 696 {leeg
624 642 654 697 εἷς
673 648 739 699 terte

48 722 130 774 facilem
146 728 200 762 certe
216 736 274 761 nemo
291 722 363 760 dixerit
381 722 491 760 transitum.
522 722 614 769 Accedit,
630 723 682 760 hanc
697 736 741 760 om-

39 810 93 853 nem
114 798 150 834 viri
170 798 223 835 docti
243 798 378 835 coniecturam
398 809 410 834 a
429 796 526 835 sententia
546 796 645 846 proficisci
664 810 741 845 eorum,

34 851 83 923 ‘qui
95 871 179 910 Paulum
190 871 258 910 literas
270 872 372 910 aramaico
384 884 477 910 sermone
489 871 593 921 scripsisse
604 871 643 908 aud
655 871 740 910 dictasse

51 952 123 984 temere
139 951 231 985 statuunt.
248 960 266 983 v.
282 945 376 997 Prolegg.
392 960 412 995 p.
430 949 447 984 a.

110 1036 153 1076 G-h.
170 1036 199 1076 G.
216 1037 305 1086 Wilke,
328 1037 585 1077 Heri-mannsdorfiensium
608 1037 628 1074 in
652 1035 742 1076 Saxonia

50 1113 106 1164 regia
125 1112 190 1160 Pasa,
213 1105 310 1163 singulari
328 1112 397 1151 libello
418 1110 558 1163 (Spicilegium
578 1113 741 1150 observationum

51 1188 77 1226 ad
92 1187 131 1226 loc.
148 1185 193 1226 Gal.
211 1189 233 1235 3,
250 1189 282 1225 20.
306 1185 367 1225 Cizae
385 1189 444 1224 1814.
465 1186 530 1237 llll)
546 1200 619 1225 novam
634 1188 742 1238 proposuit

50 1262 92 1300 loci
108 1262 172 1301 nostri
189 1261 355 1312 explicationem,
372 1257 497 1312 ingeniosam
514 1260 579 1308 illam,
595 1274 660 1311 neque
675 1267 741 1300 tamen

51 1337 158 1388 perspicue
178 1337 226 1376 satis
246 1321 368 1387 expressam.
401 1334 435 1375 Sic
458 1341 522 1374 autem
547 1336 643 1386 disputat:
666 1331 694 1388 »ὃ
718 1336 741 1378 δὲ
765 1371 768 1376 ,

53 1424 98 1467 pse.
115 1412 142 1453 ἐν.
159 1407 198 1454 οὐκ
214 1411 269 1462 ἐστί,
293 1412 312 1449 h·
333 1425 349 1449 e·
370 1405 400 1461 εἷς
419 1407 458 1453 οὐκ
478 1411 543 1462 ἐστίν,
567 1411 625 1449 unius
643 1410 742 1455 mediator

52 1487 119 1525 nullus
135 1491 174 1533 est3
195 1487 278 1524 duarum
294 1486 361 1536 potius
378 1491 408 1525 est
421 1486 519 1536 partium,
538 1498 622 1536 quarum
638 1487 662 1524 ab
678 1486 741 1524 altera

51 1562 126 1612 pendet
142 1575 159 1600 v.
176 1573 192 1598 c..
208 1561 322 1611 propositio
342 1573 357 1600 s.
374 1560 463 1608 consilii,
484 1560 539 1610 quod
558 1559 658 1609 capiatur,
678 1561 740 1599 mani-

33 1688 36 1690 >
51 1636 142 1683 testatio,
159 1637 184 1674 ab
200 1636 264 1673 altera
278 1648 371 1674 assensus
387 1641 406 1673 et
420 1634 522 1685 acceptio,
538 1635 629 1685 adeoque
645 1636 742 1674 mediator

53 1710 153 1761 duplicem
170 1710 227 1761 quasi
243 1710 412 1761 personanragit.
444 1707 483 1748 Sed
498 1710 632 1760 longe'secus
647 1722 669 1748 se
682 1710 766 1748 habet*
812 1728 813 1731 ¹

53 1786 73 1823 in
92 1784 142 1823 Deo.
173 1784 213 1823 Hic
236 1779 267 1834 εἷς
289 1784 419 1835 ἐστίγυῃηε
441 1790 480 1832 est,
504 1784 548 1835 ipse
570 1784 676 1834 proponit,
699 1785 743 1835 ipse
804 1806 805 1809 =

52 1865 117 1898 ratum
136 1859 185 1897 facit
204 1863 223 1896 et
238 1858 374 1909 exsequitur.“
403 1857 452 1896 Non
467 1871 550 1909 possum
567 1859 658 1908 equidem
673 1871 742 1898 assen-

52 1935 83 1973 tiri
94 1934 187 1972 Wilkio
203 1947 258 1972 meo:
274 1946 320 1971 nam
336 1915 397 1971 alium
411 1933 429 1971 is
443 1933 482 1972 sibi
497 1933 557 1970 finxit
573 1932 668 1989 μεσίτην,
684 1939 743 1985 atque

52 2010 121 2048 Moses
137 2009 183 2056 tuit;
199 2008 297 2047 intellexit
311 2008 362 2046 euim
379 2008 491 2055 hominem,
508 2007 541 2059 qui
557 2008 607 2046 duas
622 2012 690 2058 partes
705 2008 744 2047 sibi

52 2084 166 2123 contrarias
186 2083 290 2131 conciliet,
310 2088 426 2134 poscentem
442 2082 525 2121 alteram
541 2082 622 2122 alteram
638 2089 744 2134 negantem

53 2161 215 2214 (intercessorem
237 2159 305 2197 dicunt
326 2156 415 2211 Romani
434 2155 475 2195 Cic.
494 2158 520 2195 ad
538 2156 583 2195 Div.
601 2160 624 2204 t,
641 2160 673 2195 27.
692 2171 742 2196 nos:

58 2233 188 2283 Vcrmlttlct·];
204 2234 240 2272 sed
256 2233 330 2271 hocin
346 2232 417 2270 Mosen
436 2245 477 2270 uon
496 2232 558 2279 cadit,
578 2231 611 2283 qui
630 2245 672 2270 non
693 2238 745 2271 esset

54 2309 92 2347 nisi
109 2308 189 2346 divinae
201 2300 311 2346 uoluntatis
330 2307 440 2358 interpres,
459 2308 493 2358 qni
508 2306 572 2358 legem
587 2306 686 2357 perferret
702 2313 744 2345 tan·
798 2356 802 2359 ᾖ
825 2303 828 2306 ⁴

48 2383 157 2432 ,ammodo
177 2364 209 2421 ad*
221 2382 329 2434 populum,
349 2395 390 2420 nou
410 2382 488 2434 agendo
509 2382 674 2433 consulendoque
690 2395 744 2420 com-

53 2464 137 2510 poneret
153 2457 249 2510 (Mittin,
263 2456 332 2509 Organ
344 2457 378 2495 der
389 2455 495 2508 Gottheit).
518 2455 632 2510 Utrumque
648 2468 667 2496 et
681 2453 745 2514 νόμον

100 2687 129 2729 91)
146 2697 163 2719 r.
182 2678 270 2720 Ammon
288 2686 324 2718 und
342 2684 460 2718 Bertholdt
477 2686 519 2719 krit.
535 2685 597 2719 dourn.
614 2686 644 2717 der
660 2688 745 2717 neuesten

54 2751 110 2783 theol.
123 2751 177 2783 Liter.
189 2750 224 2791 ΙΙΙ,
236 2761 253 2792 p.
266 2750 300 2782 430
312 2759 350 2791 sqq.
