1723 3054
127 231 153 275 18
327 224 573 283 inclamatura
592 237 610 272 4.

125 364 225 402 auctores
244 357 278 400 vel
297 357 338 400 hac
353 373 398 401 una
413 358 441 401 <le
457 373 534 413 causa,
558 373 585 401 ne
601 357 643 402 soli
658 372 735 415 sapere
749 358 814 400 nobis

125 437 247 494 videamur,
273 437 297 480 id
313 438 374 495 quod
389 438 464 482 multis
483 439 596 482 literarum
615 439 681 482 etiam
704 453 816 481 sacrarum

126 517 297 576 explicatoribus
312 525 387 563 nostro
402 526 501 577 tempore
517 519 626 563 accidisse
642 520 749 563 novimus.

186 682 204 725 l.
219 680 354 724 Exordimur
369 696 382 723 a
396 685 480 725 'cetastis
496 680 611 738 epistolae,
628 680 656 723 (le
672 695 716 737 qua
731 681 817 737 quaeri-

126 769 172 817 tur⁷
194 765 319 806 versionibus
339 777 350 804 e
369 777 448 819 graeco
465 762 581 818 confectis,
607 767 716 818 quotquot
731 761 754 803 in
768 762 818 805 bih-

126 843 161 885 liis
183 842 312 899 polyglottis
328 841 509 887 Londinensibus
530 842 590 899 typis
614 843 737 900 exscriptae
756 858 818 900 repe-

125 923 217 965 riuntur.
249 921 307 966 Sunt
322 929 405 978 autern,
429 929 453 965 ut
468 924 525 967 inter
540 939 615 967 onmes
632 928 729 978 constat,
754 929 817 979 quat-

127 1010 188 1046 tuor:
203 1007 287 1061 nulpatu
302 1003 340 1045 illa
355 1004 408 1046 satis
423 1004 515 1059 nobilis,
535 1004 633 1061 syriaca,
650 1004 712 1047 cuius
729 1007 818 1047 Pesctito

127 1099 209 1146 nomen
224 1088 258 1127 cst
274 1083 358 1140 (seculo
369 1084 433 1126 tertio
445 1099 493 1126 eam
504 1084 615 1128 exstitisse
626 1083 769 1151 contendunt)
779 1084 818 1140 41),

128 1166 224 1217 erotica,
241 1178 297 1219 quac
313 1164 386 1206 octavi
401 1169 438 1206 aut
448 1165 502 1207 noni
513 1179 556 1208 sec.
571 1180 619 1208 esse
630 1163 721 1219 dioitrn,
739 1167 819 1208 ortluc-

126 1248 176 1301 pico
199 1243 306 1300 denique7
333 1259 399 1299 quam
421 1259 464 1287 seo.
487 1249 565 1301 quarto
592 1244 714 1287 confectam
736 1244 822 1288 volunt.

130 1324 176 1369 sed
198 1324 264 1380 haec,
291 1339 357 1380 quam
378 1330 490 1381 postremo
512 1325 563 1367 loco
587 1324 760 1381 nominavimus,
783 1325 820 1369 vix

128 1406 165 1448 hic
189 1405 213 1447 in
238 1419 329 1447 censum
353 1405 424 1460 venit,
451 1404 512 1460 quod
536 1420 549 1447 a
571 1404 751 1449 Londinensibus
775 1412 821 1448 tam

128 1485 234 1529 mendose
249 1484 309 1528 edita
324 1485 408 1541 est4‘2),
424 1490 459 1540 ut,
476 1483 530 1541 quid
545 1485 588 1528 sibi
599 1485 692 1528 voluerit
705 1485 820 1543 interpres,

129 1566 213 1624 passim
228 1581 256 1608 ne
271 1565 365 1607 iudicari
380 1564 470 1621 quidem
484 1565 561 1622 possit.
581 1564 687 1621 Reliquae
698 1565 766 1622 igitur
775 1572 820 1609 tres

132 1652 195 1702 sunt³
221 1644 261 1689 sed
278 1661 306 1688 ne
321 1646 399 1688 harum
418 1644 508 1701 quidem
523 1660 616 1702 magnus
633 1644 751 1688 admodum
766 1661 820 1690 usus

130 1733 164 1771 est
173 1733 301 1784 propterea,
317 1725 378 1783 quod
390 1725 460 1768 omnis
471 1725 516 1768 fere
529 1726 670 1783 epistolarum
680 1726 822 1770 Paulinarum

131 1807 250 1850 difficultas
265 1822 310 1849 non
325 1823 338 1849 a
353 1806 445 1864 singulis
460 1806 545 1860 verbis,
569 1805 608 1849 sed
623 1807 650 1850 ab
666 1806 757 1864 integris
773 1822 822 1851 sen-

129 1888 204 1932 tentiis
228 1903 346 1944 earumque
369 1903 428 1930 nexu
453 1893 475 1930 et
493 1887 653 1944 compositione
667 1886 822 1946 proficiscitur.

129 1969 189 2012 Istae
209 1975 281 2011 autem
298 1968 412 2011 versiones
429 1967 538 2010 vocabula
556 1969 627 2024 magis
650 1984 716 2024 quam
734 1985 824 2013 sensum

131 2049 256 2106 exprimunt
271 2055 302 2104 et7
322 2047 382 2105 quod
396 2047 492 2098 mireris,
512 2047 535 2089 in
551 2047 578 2090 iis
594 2048 659 2091 etiam
674 2048 741 2105 locis⁷
767 2065 823 2107 quae

131 2129 291 2187 aliquantulum
308 2128 414 2185 impedita
425 2133 489 2183 sunt,
505 2128 532 2170 ab
544 2128 605 2171 omni
613 2128 658 2173 fere
670 2129 824 2188 explicatione,

177 2353 213 2401 41)
229 2349 282 2387 Nam
297 2350 459 2388 Philoxenianae
475 2351 495 2387 in
516 2351 672 2400 interpretandis
688 2351 745 2390 libris
763 2354 825 2391 sacris
845 2363 849 2367 ‘

131 2426 173 2463 fere
190 2425 256 2462 nullus
273 2437 325 2463 usus.
364 2424 414 2462 Tam
434 2426 459 2461 ad
475 2426 560 2463 verbum
576 2437 674 2475 expressa
689 2431 736 2464 sunt
751 2427 823 2464 omnia.

132 2500 211 2537 Etenim
230 2512 255 2536 ne
273 2499 294 2536 in
311 2499 336 2537 iis
356 2500 435 2549 quidem
454 2499 517 2548 locis,
542 2499 577 2537 nbi
597 2498 676 2549 ellipsin
692 2500 826 2551 deprehendi-

131 2587 187 2623 mus7
204 2574 324 2625 completam
340 2574 396 2612 vides
413 2575 523 2613 orationem
540 2575 566 2616 cf.
583 2577 605 2623 2,
627 2577 645 2612 9.
663 2576 686 2623 3,
704 2577 721 2614 5.

175 2697 209 2749 42)
227 2711 244 2735 v.
261 2695 300 2736 lob.
319 2695 396 2747 Lnrlolf.
413 2696 457 2734 hist.
474 2696 561 2746 aethiop.
578 2696 619 2744 ΙΙΙ,
637 2700 655 2734 4.
