<?xml version="1.0" encoding="UTF-8"?>
<!DOCTYPE html PUBLIC "-//W3C//DTD XHTML 1.0 Transitional//EN"
    "http://www.w3.org/TR/xhtml1/DTD/xhtml1-transitional.dtd">
<html xmlns="http://www.w3.org/1999/xhtml" xml:lang="en" lang="en">
 <head>
  <title>
</title>
<meta http-equiv="Content-Type" content="text/html;charset=utf-8" />
  <meta name='ocr-system' content='tesseract 3.04.00' />
  <meta name='ocr-capabilities' content='ocr_page ocr_carea ocr_par ocr_line ocrx_word'/>
</head>
<body>
  <div class='ocr_page' id='page_1' title='image "MN41966ucmf_4_0110.png"; bbox 0 0 1723 3054; ppageno 0'>
   <div class='ocr_carea' id='block_1_1' title="bbox 100 236 612 280">
    <p class='ocr_par' dir='ltr' id='par_1_1' title="bbox 100 236 612 280">
     <span class='ocr_line' id='line_1_1' title="bbox 100 236 612 280; baseline -0.008 0"><span class='ocrx_word' id='word_1_1' title='bbox 100 237 128 280; x_wconf 76' lang='lat'>82</span> <span class='ocrx_word' id='word_1_2' title='bbox 277 236 442 276; x_wconf 83' lang='lat' dir='ltr'><strong>ANNOTATIO</strong></span> <span class='ocrx_word' id='word_1_3' title='bbox 458 237 612 277; x_wconf 80' lang='lat' dir='ltr'>PERPETUA.</span> 
     </span>
    </p>
   </div>
   <div class='ocr_carea' id='block_1_2' title="bbox 101 340 815 984">
    <p class='ocr_par' dir='ltr' id='par_1_2' title="bbox 101 340 815 688">
     <span class='ocr_line' id='line_1_2' title="bbox 102 340 789 392; baseline 0 -13"><span class='ocrx_word' id='word_1_4' title='bbox 102 342 122 380; x_wconf 87' lang='lat' dir='ltr'>id</span> <span class='ocrx_word' id='word_1_5' title='bbox 138 342 219 391; x_wconf 86' lang='lat' dir='ltr'>probari</span> <span class='ocrx_word' id='word_1_6' title='bbox 234 341 310 392; x_wconf 79' lang='lat' dir='ltr'>nequit)</span> <span class='ocrx_word' id='word_1_7' title='bbox 326 347 391 380; x_wconf 82' lang='lat' dir='ltr'>tauren</span> <span class='ocrx_word' id='word_1_8' title='bbox 408 343 426 379; x_wconf 89' lang='lat' dir='ltr'>h.</span> <span class='ocrx_word' id='word_1_9' title='bbox 442 342 467 390; x_wconf 91' lang='grc'>1.,</span> <span class='ocrx_word' id='word_1_10' title='bbox 489 342 523 380; x_wconf 93' lang='lat' dir='ltr'>ubi</span> <span class='ocrx_word' id='word_1_11' title='bbox 538 342 598 380; x_wconf 92' lang='lat' dir='ltr'>toties</span> <span class='ocrx_word' id='word_1_12' title='bbox 614 340 705 380; x_wconf 83' lang='lat' dir='ltr'>Christus</span> <span class='ocrx_word' id='word_1_13' title='bbox 721 342 789 392; x_wconf 86' lang='lat' dir='ltr'>appel-</span> 
     </span>
     <span class='ocr_line' id='line_1_3' title="bbox 102 415 791 468; baseline 0.001 -14"><span class='ocrx_word' id='word_1_14' title='bbox 102 417 164 463; x_wconf 85' lang='lat' dir='ltr'>latur,</span> <span class='ocrx_word' id='word_1_15' title='bbox 188 415 245 453; x_wconf 82' lang='lat' dir='ltr'>valde</span> <span class='ocrx_word' id='word_1_16' title='bbox 268 417 383 468; x_wconf 80' lang='lat' dir='ltr'>ambiguum</span> <span class='ocrx_word' id='word_1_17' title='bbox 403 422 455 455; x_wconf 88' lang='lat' dir='ltr'>esset</span> <span class='ocrx_word' id='word_1_18' title='bbox 472 416 525 456; x_wconf 84' lang='lat' dir='ltr'>istud</span> <span class='ocrx_word' id='word_1_19' title='bbox 545 429 589 455; x_wconf 81' lang='lat' dir='ltr'>voc</span> <span class='ocrx_word' id='word_1_20' title='bbox 620 416 646 454; x_wconf 86' lang='lat' dir='ltr'>Et</span> <span class='ocrx_word' id='word_1_21' title='bbox 664 431 681 455; x_wconf 91' lang='lat' dir='ltr'>v.</span> <span class='ocrx_word' id='word_1_22' title='bbox 702 420 741 464; x_wconf 78' lang='lat' dir='ltr'>ta,</span> <span class='ocrx_word' id='word_1_23' title='bbox 757 417 791 455; x_wconf 90' lang='lat' dir='ltr'>ubi</span> 
     </span>
     <span class='ocr_line' id='line_1_4' title="bbox 101 491 815 538; baseline 0.001 -11"><span class='ocrx_word' id='word_1_24' title='bbox 101 492 150 528; x_wconf 83' lang='lat' dir='ltr'>haec</span> <span class='ocrx_word' id='word_1_25' title='bbox 166 496 249 528; x_wconf 80' lang='lat' dir='ltr'>sentent.</span> <span class='ocrx_word' id='word_1_26' title='bbox 265 491 357 538; x_wconf 75' lang='lat' dir='ltr'>iteratur,</span> <span class='ocrx_word' id='word_1_27' title='bbox 373 492 408 529; x_wconf 83' lang='lat' dir='ltr'>vix</span> <span class='ocrx_word' id='word_1_28' title='bbox 423 491 459 529; x_wconf 84' lang='lat' dir='ltr'>tibi</span> <span class='ocrx_word' id='word_1_29' title='bbox 473 491 542 529; x_wconf 80' lang='lat' dir='ltr'>licebit</span> <span class='ocrx_word' id='word_1_30' title='bbox 558 492 625 530; x_wconf 86' lang='lat' dir='ltr'>christ.</span> <span class='ocrx_word' id='word_1_31' title='bbox 642 492 746 530; x_wconf 82' lang='lat' dir='ltr'>ecelesiam</span> <span class='ocrx_word' id='word_1_32' title='bbox 761 492 791 528; x_wconf 89' lang='lat' dir='ltr'>iu·</span> <span class='ocrx_word' id='word_1_33' title='bbox 813 515 815 517; x_wconf 96' lang='lat'>-</span> 
     </span>
     <span class='ocr_line' id='line_1_5' title="bbox 101 564 790 616; baseline 0.001 -15"><span class='ocrx_word' id='word_1_34' title='bbox 101 564 197 614; x_wconf 79' lang='lat' dir='ltr'>telligere.</span> <span class='ocrx_word' id='word_1_35' title='bbox 221 565 360 603; x_wconf 89' lang='lat' dir='ltr'>Assentieutes</span> <span class='ocrx_word' id='word_1_36' title='bbox 376 566 440 605; x_wconf 90' lang='lat' dir='ltr'>habeo</span> <span class='ocrx_word' id='word_1_37' title='bbox 457 566 545 615; x_wconf 76' lang='lat' dir='ltr'>{praeter</span> <span class='ocrx_word' id='word_1_38' title='bbox 555 567 640 615; x_wconf 79' lang='lat' dir='ltr'>veteres]</span> <span class='ocrx_word' id='word_1_39' title='bbox 651 565 790 616; x_wconf 81' lang='lat' dir='ltr'>Borgerum,</span> 
     </span>
     <span class='ocr_line' id='line_1_6' title="bbox 102 638 274 688; baseline 0.006 -13"><span class='ocrx_word' id='word_1_40' title='bbox 102 638 227 688; x_wconf 85' lang='lat' dir='ltr'>Koppium</span> <span class='ocrx_word' id='word_1_41' title='bbox 242 640 274 677; x_wconf 79' lang='lat' dir='ltr'>all.</span> 
     </span>
    </p>

    <p class='ocr_par' dir='ltr' id='par_1_3' title="bbox 103 695 792 984">
     <span class='ocr_line' id='line_1_7' title="bbox 159 712 791 767; baseline -0.006 -13"><span class='ocrx_word' id='word_1_42' title='bbox 159 713 183 750; x_wconf 85' lang='lat' dir='ltr'>V.</span> <span class='ocrx_word' id='word_1_43' title='bbox 198 715 228 749; x_wconf 79' lang='lat'>17-</span> <span class='ocrx_word' id='word_1_44' title='bbox 246 714 309 754; x_wconf 77' lang='grc' dir='ltr'>τοῦτο</span> <span class='ocrx_word' id='word_1_45' title='bbox 321 712 344 755; x_wconf 75' lang='grc' dir='ltr'>δὲ</span> <span class='ocrx_word' id='word_1_46' title='bbox 354 714 397 767; x_wconf 74' lang='grc' dir='ltr'>λέγ,</span> <span class='ocrx_word' id='word_1_47' title='bbox 409 714 444 753; x_wconf 75' lang='lat' dir='ltr'>tor</span> <span class='ocrx_word' id='word_1_48' title='bbox 459 713 507 753; x_wconf 79' lang='lat' dir='ltr'>mibi</span> <span class='ocrx_word' id='word_1_49' title='bbox 521 715 576 764; x_wconf 82' lang='lat' dir='ltr'>bolo,</span> <span class='ocrx_word' id='word_1_50' title='bbox 593 727 643 764; x_wconf 59' lang='lat' dir='ltr'>[puae</span> <span class='ocrx_word' id='word_1_51' title='bbox 658 714 745 751; x_wconf 80' lang='lat' dir='ltr'>formula</span> <span class='ocrx_word' id='word_1_52' title='bbox 760 719 791 750; x_wconf 84' lang='lat' dir='ltr'>est</span> 
     </span>
     <span class='ocr_line' id='line_1_8' title="bbox 103 786 791 837; baseline 0 -13"><span class='ocrx_word' id='word_1_53' title='bbox 103 788 144 824; x_wconf 85' lang='lat' dir='ltr'>eius</span> <span class='ocrx_word' id='word_1_54' title='bbox 161 787 194 836; x_wconf 88' lang='lat' dir='ltr'>qui</span> <span class='ocrx_word' id='word_1_55' title='bbox 209 787 320 825; x_wconf 76' lang='lat' dir='ltr'>accuratius</span> <span class='ocrx_word' id='word_1_56' title='bbox 331 792 416 825; x_wconf 85' lang='lat' dir='ltr'>ruentem</span> <span class='ocrx_word' id='word_1_57' title='bbox 428 788 521 837; x_wconf 57' lang='lat' dir='ltr'>explicat⁴</span> <span class='ocrx_word' id='word_1_58' title='bbox 533 787 590 825; x_wconf 84' lang='lat' dir='ltr'>Rom.</span> <span class='ocrx_word' id='word_1_59' title='bbox 605 791 636 834; x_wconf 93' lang='lat'>15,</span> <span class='ocrx_word' id='word_1_60' title='bbox 649 790 666 824; x_wconf 85' lang='lat'>8.</span> <span class='ocrx_word' id='word_1_61' title='bbox 683 786 728 825; x_wconf 85' lang='lat' dir='ltr'>Gal.</span> <span class='ocrx_word' id='word_1_62' title='bbox 740 791 761 834; x_wconf 82' lang='grc'>4,</span> <span class='ocrx_word' id='word_1_63' title='bbox 775 791 791 824; x_wconf 78' lang='lat'>1.</span> 
     </span>
     <span class='ocr_line' id='line_1_9' title="bbox 104 861 792 916; baseline 0 -18"><span class='ocrx_word' id='word_1_64' title='bbox 104 864 127 907; x_wconf 88' lang='lat'>5,</span> <span class='ocrx_word' id='word_1_65' title='bbox 144 862 176 897; x_wconf 75' lang='grc'>26.</span> <span class='ocrx_word' id='word_1_66' title='bbox 199 883 226 888; x_wconf 85' lang='grc'>-·</span> <span class='ocrx_word' id='word_1_67' title='bbox 249 873 304 916; x_wconf 71' lang='lat' dir='ltr'>reputt</span> <span class='ocrx_word' id='word_1_68' title='bbox 329 861 359 909; x_wconf 76' lang='grc' dir='ltr'>εἰς</span> <span class='ocrx_word' id='word_1_69' title='bbox 377 863 414 916; x_wconf 72' lang='grc' dir='ltr'>Χρ.</span> <span class='ocrx_word' id='word_1_70' title='bbox 432 862 486 911; x_wconf 91' lang='lat' dir='ltr'>quod</span> <span class='ocrx_word' id='word_1_71' title='bbox 507 866 552 902; x_wconf 71' lang='lat' dir='ltr'>aitte</span> <span class='ocrx_word' id='word_1_72' title='bbox 567 862 586 898; x_wconf 81' lang='lat' dir='ltr'>h.</span> <span class='ocrx_word' id='word_1_73' title='bbox 602 875 619 900; x_wconf 87' lang='lat' dir='ltr'>e.</span> <span class='ocrx_word' id='word_1_74' title='bbox 635 866 743 912; x_wconf 80' lang='lat' dir='ltr'>antequam</span> <span class='ocrx_word' id='word_1_75' title='bbox 758 861 792 899; x_wconf 78' lang='lat' dir='ltr'>lex</span> 
     </span>
     <span class='ocr_line' id='line_1_10' title="bbox 103 934 791 984; baseline 0.001 -12"><span class='ocrx_word' id='word_1_76' title='bbox 103 947 152 972; x_wconf 69' lang='lat' dir='ltr'>uros,</span> <span class='ocrx_word' id='word_1_77' title='bbox 173 935 277 982; x_wconf 75' lang='lat' dir='ltr'>existeret,</span> <span class='ocrx_word' id='word_1_78' title='bbox 298 936 397 975; x_wconf 71' lang='lat' dir='ltr'>solicitam</span> <span class='ocrx_word' id='word_1_79' title='bbox 417 941 446 973; x_wconf 90' lang='lat' dir='ltr'>est</span> <span class='ocrx_word' id='word_1_80' title='bbox 465 937 485 976; x_wconf 82' lang='lat' dir='ltr'>ia</span> <span class='ocrx_word' id='word_1_81' title='bbox 504 935 603 976; x_wconf 77' lang='lat' dir='ltr'>Christum</span> <span class='ocrx_word' id='word_1_82' title='bbox 621 936 668 984; x_wconf 81' lang='lat' dir='ltr'>(auf</span> <span class='ocrx_word' id='word_1_83' title='bbox 681 934 791 984; x_wconf 78' lang='lat' dir='ltr'>Christus),</span> 
     </span>
    </p>
   </div>
   <div class='ocr_carea' id='block_1_3' title="bbox 103 1009 847 1059">
    <p class='ocr_par' dir='ltr' id='par_1_4' title="bbox 103 1009 847 1059">
     <span class='ocr_line' id='line_1_11' title="bbox 103 1009 847 1059; baseline 0 -13"><span class='ocrx_word' id='word_1_84' title='bbox 103 1014 198 1059; x_wconf 83' lang='lat' dir='ltr'>tauquam</span> <span class='ocrx_word' id='word_1_85' title='bbox 217 1009 251 1058; x_wconf 85' lang='lat' dir='ltr'>qui</span> <span class='ocrx_word' id='word_1_86' title='bbox 268 1009 399 1059; x_wconf 83' lang='lat' dir='ltr'>praestiturus</span> <span class='ocrx_word' id='word_1_87' title='bbox 414 1015 466 1048; x_wconf 91' lang='lat' dir='ltr'>esset</span> <span class='ocrx_word' id='word_1_88' title='bbox 480 1009 516 1048; x_wconf 90' lang='lat' dir='ltr'>illa</span> <span class='ocrx_word' id='word_1_89' title='bbox 530 1023 542 1047; x_wconf 84' lang='lat' dir='ltr'>a</span> <span class='ocrx_word' id='word_1_90' title='bbox 557 1009 602 1047; x_wconf 88' lang='lat' dir='ltr'>Deo</span> <span class='ocrx_word' id='word_1_91' title='bbox 619 1010 723 1059; x_wconf 85' lang='lat' dir='ltr'>promissa.</span> <span class='ocrx_word' id='word_1_92' title='bbox 739 1010 792 1046; x_wconf 79' lang='grc' dir='ltr'>Μο-</span> <span class='ocrx_word' id='word_1_93' title='bbox 845 1033 847 1035; x_wconf 65' lang='grc'><strong>»</strong></span> 
     </span>
    </p>
   </div>
   <div class='ocr_carea' id='block_1_4' title="bbox 104 1071 821 2322">
    <p class='ocr_par' dir='ltr' id='par_1_5' title="bbox 104 1071 821 2322">
     <span class='ocr_line' id='line_1_12' title="bbox 104 1071 793 1134; baseline 0.001 -14"><span class='ocrx_word' id='word_1_94' title='bbox 104 1095 144 1121; x_wconf 91' lang='lat' dir='ltr'>rus</span> <span class='ocrx_word' id='word_1_95' title='bbox 160 1088 179 1120; x_wconf 90' lang='lat' dir='ltr'>et</span> <span class='ocrx_word' id='word_1_96' title='bbox 189 1082 326 1134; x_wconf 84' lang='lat' dir='ltr'>Borgerus:</span> <span class='ocrx_word' id='word_1_97' title='bbox 342 1084 369 1123; x_wconf 71' lang='lat' dir='ltr'>(td</span> <span class='ocrx_word' id='word_1_98' title='bbox 383 1083 480 1124; x_wconf 67' lang='lat' dir='ltr'>Christum</span> <span class='ocrx_word' id='word_1_99' title='bbox 497 1085 515 1121; x_wconf 90' lang='lat' dir='ltr'>b.</span> <span class='ocrx_word' id='word_1_100' title='bbox 531 1098 547 1123; x_wconf 85' lang='lat' dir='ltr'>e.</span> <span class='ocrx_word' id='word_1_101' title='bbox 564 1071 674 1121; x_wconf 85' lang='lat' dir='ltr'>utvaleret</span> <span class='ocrx_word' id='word_1_102' title='bbox 688 1096 751 1134; x_wconf 88' lang='lat' dir='ltr'>usque</span> <span class='ocrx_word' id='word_1_103' title='bbox 767 1084 793 1121; x_wconf 90' lang='lat' dir='ltr'>ad</span> 
     </span>
     <span class='ocr_line' id='line_1_13' title="bbox 105 1142 793 1209; baseline 0.004 -15"><span class='ocrx_word' id='word_1_104' title='bbox 105 1157 140 1195; x_wconf 80' lang='lat' dir='ltr'>illa</span> <span class='ocrx_word' id='word_1_105' title='bbox 155 1162 258 1207; x_wconf 82' lang='lat' dir='ltr'>tempora,</span> <span class='ocrx_word' id='word_1_106' title='bbox 280 1158 351 1207; x_wconf 83' lang='lat' dir='ltr'>quibus</span> <span class='ocrx_word' id='word_1_107' title='bbox 368 1158 491 1197; x_wconf 76' lang='lat' dir='ltr'>adventurus</span> <span class='ocrx_word' id='word_1_108' title='bbox 507 1165 559 1197; x_wconf 88' lang='lat' dir='ltr'>esset</span> <span class='ocrx_word' id='word_1_109' title='bbox 574 1158 669 1205; x_wconf 70' lang='lat' dir='ltr'>Messias,</span> <span class='ocrx_word' id='word_1_110' title='bbox 683 1159 733 1205; x_wconf 89' lang='lat' dir='ltr'>hoc,</span> <span class='ocrx_word' id='word_1_111' title='bbox 750 1142 793 1209; x_wconf 85' lang='lat' dir='ltr'>opi·</span> 
     </span>
     <span class='ocr_line' id='line_1_14' title="bbox 105 1232 793 1288; baseline 0.001 -19"><span class='ocrx_word' id='word_1_112' title='bbox 105 1245 153 1279; x_wconf 88' lang='lat' dir='ltr'>nor,</span> <span class='ocrx_word' id='word_1_113' title='bbox 169 1236 221 1270; x_wconf 86' lang='lat' dir='ltr'>esset</span> <span class='ocrx_word' id='word_1_114' title='bbox 237 1232 297 1287; x_wconf 72' lang='grc' dir='ltr'>μέχρι</span> <span class='ocrx_word' id='word_1_115' title='bbox 312 1233 349 1287; x_wconf 67' lang='lat' dir='ltr'>xp.</span> <span class='ocrx_word' id='word_1_116' title='bbox 379 1232 448 1270; x_wconf 81' lang='lat' dir='ltr'>Verba</span> <span class='ocrx_word' id='word_1_117' title='bbox 467 1233 498 1282; x_wconf 75' lang='grc' dir='ltr'>εἰς</span> <span class='ocrx_word' id='word_1_118' title='bbox 516 1235 554 1288; x_wconf 68' lang='grc' dir='ltr'>Χρ.</span> <span class='ocrx_word' id='word_1_119' title='bbox 573 1233 644 1271; x_wconf 86' lang='lat' dir='ltr'>desunt</span> <span class='ocrx_word' id='word_1_120' title='bbox 663 1233 684 1270; x_wconf 89' lang='lat' dir='ltr'>iu</span> <span class='ocrx_word' id='word_1_121' title='bbox 700 1233 758 1271; x_wconf 89' lang='lat' dir='ltr'>codd.</span> <span class='ocrx_word' id='word_1_122' title='bbox 775 1234 793 1269; x_wconf 90' lang='lat' dir='ltr'><strong>A</strong></span> 
     </span>
     <span class='ocr_line' id='line_1_15' title="bbox 105 1304 794 1359; baseline 0.001 -16"><span class='ocrx_word' id='word_1_123' title='bbox 105 1306 122 1344; x_wconf 86' lang='lat' dir='ltr'>B</span> <span class='ocrx_word' id='word_1_124' title='bbox 138 1304 154 1343; x_wconf 80' lang='lat' dir='ltr'>(l</span> <span class='ocrx_word' id='word_1_125' title='bbox 169 1307 204 1352; x_wconf 83' lang='lat' dir='ltr'>al,</span> <span class='ocrx_word' id='word_1_126' title='bbox 223 1306 244 1343; x_wconf 87' lang='lat' dir='ltr'>in</span> <span class='ocrx_word' id='word_1_127' title='bbox 259 1307 412 1356; x_wconf 76' lang='lat' dir='ltr'>versmemph.</span> <span class='ocrx_word' id='word_1_128' title='bbox 428 1308 479 1349; x_wconf 51' lang='lat' dir='ltr'>aeth,</span> <span class='ocrx_word' id='word_1_129' title='bbox 495 1320 569 1346; x_wconf 84' lang='lat' dir='ltr'>armen.</span> <span class='ocrx_word' id='word_1_130' title='bbox 584 1308 637 1359; x_wconf 76' lang='lat' dir='ltr'>vulg.</span> <span class='ocrx_word' id='word_1_131' title='bbox 662 1307 733 1357; x_wconf 82' lang='lat' dir='ltr'>Itaque</span> <span class='ocrx_word' id='word_1_132' title='bbox 749 1307 794 1345; x_wconf 88' lang='lat' dir='ltr'>eiici</span> 
     </span>
     <span class='ocr_line' id='line_1_16' title="bbox 105 1380 792 1431; baseline 0 -13"><span class='ocrx_word' id='word_1_133' title='bbox 105 1381 163 1420; x_wconf 83' lang='lat' dir='ltr'>iussit</span> <span class='ocrx_word' id='word_1_134' title='bbox 181 1380 266 1428; x_wconf 85' lang='lat' dir='ltr'>Millius,</span> <span class='ocrx_word' id='word_1_135' title='bbox 289 1380 332 1418; x_wconf 85' lang='lat' dir='ltr'>iure</span> <span class='ocrx_word' id='word_1_136' title='bbox 354 1380 459 1431; x_wconf 77' lang='lat' dir='ltr'>castigatus</span> <span class='ocrx_word' id='word_1_137' title='bbox 480 1382 520 1419; x_wconf 86' lang='lat' dir='ltr'>hoc</span> <span class='ocrx_word' id='word_1_138' title='bbox 539 1382 620 1419; x_wconf 87' lang='lat' dir='ltr'>nomine</span> <span class='ocrx_word' id='word_1_139' title='bbox 640 1381 792 1431; x_wconf 83' lang='lat' dir='ltr'>aWhitbyo.</span> 
     </span>
     <span class='ocr_line' id='line_1_17' title="bbox 105 1442 794 1510; baseline -0.001 -17"><span class='ocrx_word' id='word_1_140' title='bbox 105 1454 157 1493; x_wconf 82' lang='lat' dir='ltr'>Nam</span> <span class='ocrx_word' id='word_1_141' title='bbox 177 1468 221 1493; x_wconf 86' lang='lat' dir='ltr'>euru</span> <span class='ocrx_word' id='word_1_142' title='bbox 239 1456 344 1492; x_wconf 78' lang='lat' dir='ltr'>antecedat</span> <span class='ocrx_word' id='word_1_143' title='bbox 362 1450 372 1496; x_wconf 78' lang='grc' dir='ltr'><em>ὃ</em></span> <span class='ocrx_word' id='word_1_144' title='bbox 392 1457 440 1510; x_wconf 78' lang='grc' dir='ltr'>Χρ.,</span> <span class='ocrx_word' id='word_1_145' title='bbox 458 1442 521 1493; x_wconf 26' lang='lat' dir='ltr'>famule</span> <span class='ocrx_word' id='word_1_146' title='bbox 538 1460 632 1505; x_wconf 77' lang='lat' dir='ltr'>poterant</span> <span class='ocrx_word' id='word_1_147' title='bbox 650 1454 688 1493; x_wconf 84' lang='lat' dir='ltr'>ista</span> <span class='ocrx_word' id='word_1_148' title='bbox 706 1456 794 1494; x_wconf 78' lang='lat' dir='ltr'>verbaa</span> 
     </span>
     <span class='ocr_line' id='line_1_18' title="bbox 105 1524 794 1585; baseline 0 -18"><span class='ocrx_word' id='word_1_149' title='bbox 105 1530 193 1569; x_wconf 86' lang='lat' dir='ltr'>librariis</span> <span class='ocrx_word' id='word_1_150' title='bbox 208 1529 344 1579; x_wconf 81' lang='lat' dir='ltr'>praetermitti.</span> <span class='ocrx_word' id='word_1_151' title='bbox 361 1524 417 1582; x_wconf 75' lang='grc' dir='ltr'>μετὰ</span> <span class='ocrx_word' id='word_1_152' title='bbox 434 1529 470 1585; x_wconf 77' lang='grc' dir='ltr'>ἔτη</span> <span class='ocrx_word' id='word_1_153' title='bbox 486 1534 522 1567; x_wconf 87' lang='lat' dir='ltr'>etc.</span> <span class='ocrx_word' id='word_1_154' title='bbox 538 1530 559 1567; x_wconf 91' lang='lat' dir='ltr'>hi</span> <span class='ocrx_word' id='word_1_155' title='bbox 575 1531 615 1567; x_wconf 78' lang='lat'>430</span> <span class='ocrx_word' id='word_1_156' title='bbox 632 1530 679 1567; x_wconf 83' lang='lat' dir='ltr'>euni</span> <span class='ocrx_word' id='word_1_157' title='bbox 695 1529 794 1579; x_wconf 86' lang='lat' dir='ltr'>compleo-</span> 
     </span>
     <span class='ocr_line' id='line_1_19' title="bbox 106 1600 795 1658; baseline 0 -17"><span class='ocrx_word' id='word_1_158' title='bbox 106 1609 174 1641; x_wconf 85' lang='lat' dir='ltr'>tuntur</span> <span class='ocrx_word' id='word_1_159' title='bbox 195 1603 292 1653; x_wconf 86' lang='lat' dir='ltr'>temporis</span> <span class='ocrx_word' id='word_1_160' title='bbox 315 1604 412 1653; x_wconf 81' lang='lat' dir='ltr'>spatium,</span> <span class='ocrx_word' id='word_1_161' title='bbox 436 1600 489 1653; x_wconf 88' lang='lat' dir='ltr'>quod</span> <span class='ocrx_word' id='word_1_162' title='bbox 512 1604 624 1654; x_wconf 79' lang='lat' dir='ltr'>ingressum</span> <span class='ocrx_word' id='word_1_163' title='bbox 641 1604 795 1658; x_wconf 82' lang='lat' dir='ltr'>iuAegyptum</span> 
     </span>
     <span class='ocr_line' id='line_1_20' title="bbox 106 1676 794 1727; baseline -0.001 -11"><span class='ocrx_word' id='word_1_164' title='bbox 106 1679 159 1716; x_wconf 88' lang='lat' dir='ltr'>inter</span> <span class='ocrx_word' id='word_1_165' title='bbox 178 1683 197 1715; x_wconf 89' lang='lat' dir='ltr'>et</span> <span class='ocrx_word' id='word_1_166' title='bbox 214 1677 265 1727; x_wconf 83' lang='lat' dir='ltr'>legis</span> <span class='ocrx_word' id='word_1_167' title='bbox 287 1690 337 1715; x_wconf 50' lang='lat' dir='ltr'>uros,</span> <span class='ocrx_word' id='word_1_168' title='bbox 361 1676 541 1727; x_wconf 82' lang='lat' dir='ltr'>promulgationem</span> <span class='ocrx_word' id='word_1_169' title='bbox 563 1677 686 1715; x_wconf 87' lang='lat' dir='ltr'>interiectum</span> <span class='ocrx_word' id='word_1_170' title='bbox 708 1678 794 1715; x_wconf 87' lang='lat' dir='ltr'>medium</span> 
     </span>
     <span class='ocr_line' id='line_1_21' title="bbox 107 1750 796 1790; baseline 0 -1"><span class='ocrx_word' id='word_1_171' title='bbox 107 1757 156 1790; x_wconf 76' lang='lat' dir='ltr'>erat,</span> <span class='ocrx_word' id='word_1_172' title='bbox 187 1752 304 1789; x_wconf 83' lang='lat' dir='ltr'>Aecuratius</span> <span class='ocrx_word' id='word_1_173' title='bbox 322 1750 344 1788; x_wconf 90' lang='lat' dir='ltr'>P.</span> <span class='ocrx_word' id='word_1_174' title='bbox 364 1751 410 1788; x_wconf 85' lang='lat' dir='ltr'>iude</span> <span class='ocrx_word' id='word_1_175' title='bbox 432 1751 457 1788; x_wconf 84' lang='lat' dir='ltr'>ab</span> <span class='ocrx_word' id='word_1_176' title='bbox 477 1751 592 1788; x_wconf 79' lang='lat' dir='ltr'>Abrahamo</span> <span class='ocrx_word' id='word_1_177' title='bbox 616 1752 689 1789; x_wconf 87' lang='lat' dir='ltr'>ducere</span> <span class='ocrx_word' id='word_1_178' title='bbox 712 1752 796 1789; x_wconf 81' lang='lat' dir='ltr'>debebat</span> 
     </span>
     <span class='ocr_line' id='line_1_22' title="bbox 106 1811 795 1875; baseline 0 -11"><span class='ocrx_word' id='word_1_179' title='bbox 106 1839 206 1864; x_wconf 82' lang='lat' dir='ltr'>annorum</span> <span class='ocrx_word' id='word_1_180' title='bbox 228 1811 403 1875; x_wconf 68' lang='lat' dir='ltr'>computationem.</span> <span class='ocrx_word' id='word_1_181' title='bbox 434 1823 473 1862; x_wconf 87' lang='lat' dir='ltr'>Sed</span> <span class='ocrx_word' id='word_1_182' title='bbox 496 1824 529 1862; x_wconf 89' lang='lat' dir='ltr'>ille</span> <span class='ocrx_word' id='word_1_183' title='bbox 552 1824 589 1862; x_wconf 78' lang='lat' dir='ltr'>fuit</span> <span class='ocrx_word' id='word_1_184' title='bbox 609 1837 703 1863; x_wconf 87' lang='lat' dir='ltr'>numerus</span> <span class='ocrx_word' id='word_1_185' title='bbox 721 1825 795 1864; x_wconf 89' lang='lat' dir='ltr'>nobilis</span> 
     </span>
     <span class='ocr_line' id='line_1_23' title="bbox 106 1899 796 1952; baseline -0.001 -14"><span class='ocrx_word' id='word_1_186' title='bbox 106 1900 172 1938; x_wconf 78' lang='lat' dir='ltr'>Exod.</span> <span class='ocrx_word' id='word_1_187' title='bbox 191 1902 223 1947; x_wconf 90' lang='grc'>12,</span> <span class='ocrx_word' id='word_1_188' title='bbox 240 1903 273 1938; x_wconf 84' lang='grc'>40,</span> <span class='ocrx_word' id='word_1_189' title='bbox 291 1899 382 1949; x_wconf 83' lang='lat' dir='ltr'>(Joseph.</span> <span class='ocrx_word' id='word_1_190' title='bbox 399 1904 445 1936; x_wconf 82' lang='lat' dir='ltr'>autt.</span> <span class='ocrx_word' id='word_1_191' title='bbox 463 1902 483 1952; x_wconf 90' lang='grc'>2,</span> <span class='ocrx_word' id='word_1_192' title='bbox 502 1901 532 1937; x_wconf 86' lang='grc'>15.</span> <span class='ocrx_word' id='word_1_193' title='bbox 550 1902 584 1948; x_wconf 73' lang='grc'>2.),</span> <span class='ocrx_word' id='word_1_194' title='bbox 601 1899 625 1937; x_wconf 89' lang='lat' dir='ltr'>de</span> <span class='ocrx_word' id='word_1_195' title='bbox 641 1911 681 1949; x_wconf 88' lang='lat' dir='ltr'>quo</span> <span class='ocrx_word' id='word_1_196' title='bbox 697 1912 714 1937; x_wconf 83' lang='lat' dir='ltr'>r.</span> <span class='ocrx_word' id='word_1_197' title='bbox 730 1899 796 1949; x_wconf 81' lang='lat' dir='ltr'>Kop-</span> 
     </span>
     <span class='ocr_line' id='line_1_24' title="bbox 105 1971 795 2025; baseline 0 -13"><span class='ocrx_word' id='word_1_198' title='bbox 105 1976 160 2025; x_wconf 94' lang='lat' dir='ltr'>pius</span> <span class='ocrx_word' id='word_1_199' title='bbox 175 1975 196 2011; x_wconf 86' lang='lat' dir='ltr'>in</span> <span class='ocrx_word' id='word_1_200' title='bbox 211 1972 280 2011; x_wconf 86' lang='lat' dir='ltr'>Potti</span> <span class='ocrx_word' id='word_1_201' title='bbox 290 1971 373 2023; x_wconf 80' lang='lat' dir='ltr'>Sylloge</span> <span class='ocrx_word' id='word_1_202' title='bbox 384 1973 411 2011; x_wconf 88' lang='lat' dir='ltr'>H.</span> <span class='ocrx_word' id='word_1_203' title='bbox 423 1986 441 2023; x_wconf 88' lang='lat' dir='ltr'>p.</span> <span class='ocrx_word' id='word_1_204' title='bbox 452 1975 491 2011; x_wconf 83' lang='grc'>255</span> <span class='ocrx_word' id='word_1_205' title='bbox 501 1985 544 2024; x_wconf 85' lang='lat' dir='ltr'><strong>sqq.</strong></span> <span class='ocrx_word' id='word_1_206' title='bbox 561 1973 584 2011; x_wconf 84' lang='lat' dir='ltr'>cf.</span> <span class='ocrx_word' id='word_1_207' title='bbox 596 1973 707 2011; x_wconf 84' lang='lat' dir='ltr'>Michael.</span> <span class='ocrx_word' id='word_1_208' title='bbox 724 1974 795 2012; x_wconf 84' lang='lat' dir='ltr'>orient.</span> 
     </span>
     <span class='ocr_line' id='line_1_25' title="bbox 106 2046 795 2104; baseline 0 -15"><span class='ocrx_word' id='word_1_209' title='bbox 106 2048 158 2087; x_wconf 86' lang='lat' dir='ltr'>Bibl.</span> <span class='ocrx_word' id='word_1_210' title='bbox 169 2047 216 2084; x_wconf 82' lang='lat' dir='ltr'>XH-</span> <span class='ocrx_word' id='word_1_211' title='bbox 228 2060 246 2097; x_wconf 84' lang='lat' dir='ltr'>p.</span> <span class='ocrx_word' id='word_1_212' title='bbox 258 2050 282 2084; x_wconf 72' lang='lat'>22</span> <span class='ocrx_word' id='word_1_213' title='bbox 291 2059 334 2097; x_wconf 31' lang='lat' dir='ltr'>sqq*</span> <span class='ocrx_word' id='word_1_214' title='bbox 343 2046 377 2096; x_wconf 59' lang='grc' dir='ltr'>Ἡ).</span> <span class='ocrx_word' id='word_1_215' title='bbox 391 2070 416 2075; x_wconf 80' lang='lat'>—</span> <span class='ocrx_word' id='word_1_216' title='bbox 429 2047 460 2097; x_wconf 79' lang='grc' dir='ltr'>εἰς</span> <span class='ocrx_word' id='word_1_217' title='bbox 474 2064 492 2089; x_wconf 83' lang='grc' dir='ltr'>τ.</span> <span class='ocrx_word' id='word_1_218' title='bbox 509 2048 646 2104; x_wconf 72' lang='grc' dir='ltr'>καταργῆσαι</span> <span class='ocrx_word' id='word_1_219' title='bbox 660 2063 679 2089; x_wconf 82' lang='grc' dir='ltr'>τ.</span> <span class='ocrx_word' id='word_1_220' title='bbox 697 2046 795 2102; x_wconf 56' lang='lat' dir='ltr'>&amp;surreio</span> 
     </span>
     <span class='ocr_line' id='line_1_26' title="bbox 107 2118 821 2171; baseline -0.001 -11"><span class='ocrx_word' id='word_1_221' title='bbox 107 2128 128 2160; x_wconf 89' lang='lat' dir='ltr'>ut</span> <span class='ocrx_word' id='word_1_222' title='bbox 143 2122 163 2159; x_wconf 81' lang='lat' dir='ltr'>vi</span> <span class='ocrx_word' id='word_1_223' title='bbox 178 2134 214 2161; x_wconf 79' lang='lat' dir='ltr'>sua</span> <span class='ocrx_word' id='word_1_224' title='bbox 229 2122 305 2171; x_wconf 78' lang='lat' dir='ltr'>privet,</span> <span class='ocrx_word' id='word_1_225' title='bbox 321 2118 489 2169; x_wconf 54' lang='lat' dir='ltr'>tollatio&#39;ffsseetu</span> <span class='ocrx_word' id='word_1_226' title='bbox 505 2135 523 2159; x_wconf 90' lang='lat' dir='ltr'>v.</span> <span class='ocrx_word' id='word_1_227' title='bbox 543 2123 573 2159; x_wconf 88' lang='lat'>15.</span> <span class='ocrx_word' id='word_1_228' title='bbox 590 2122 614 2160; x_wconf 84' lang='lat' dir='ltr'>cf.</span> <span class='ocrx_word' id='word_1_229' title='bbox 631 2124 641 2158; x_wconf 91' lang='grc'>2</span> <span class='ocrx_word' id='word_1_230' title='bbox 654 2122 706 2159; x_wconf 88' lang='lat' dir='ltr'>Tim.</span> <span class='ocrx_word' id='word_1_231' title='bbox 721 2125 738 2169; x_wconf 92' lang='lat'>1,</span> <span class='ocrx_word' id='word_1_232' title='bbox 755 2122 795 2171; x_wconf 77' lang='lat'>10.)</span> <span class='ocrx_word' id='word_1_233' title='bbox 820 2144 821 2147; x_wconf 64' lang='lat'><em>=</em></span> 
     </span>
     <span class='ocr_line' id='line_1_27' title="bbox 107 2195 795 2247; baseline -0.003 -12"><span class='ocrx_word' id='word_1_234' title='bbox 107 2198 194 2236; x_wconf 82' lang='lat' dir='ltr'>diuinam</span> <span class='ocrx_word' id='word_1_235' title='bbox 204 2196 361 2247; x_wconf 83' lang='lat' dir='ltr'>promissionem</span> <span class='ocrx_word' id='word_1_236' title='bbox 370 2195 487 2233; x_wconf 80' lang='lat' dir='ltr'>Abrahamo</span> <span class='ocrx_word' id='word_1_237' title='bbox 499 2196 571 2244; x_wconf 80' lang='lat' dir='ltr'>datum,</span> <span class='ocrx_word' id='word_1_238' title='bbox 583 2195 641 2234; x_wconf 86' lang='lat' dir='ltr'>Rom.</span> <span class='ocrx_word' id='word_1_239' title='bbox 652 2198 670 2243; x_wconf 82' lang='grc'>3,</span> <span class='ocrx_word' id='word_1_240' title='bbox 682 2199 714 2233; x_wconf 90' lang='grc'>21.</span> <span class='ocrx_word' id='word_1_241' title='bbox 729 2195 795 2235; x_wconf 80' lang='lat' dir='ltr'>lCor.</span> 
     </span>
     <span class='ocr_line' id='line_1_28' title="bbox 109 2256 796 2322; baseline 0 -13"><span class='ocrx_word' id='word_1_242' title='bbox 109 2276 127 2319; x_wconf 78' lang='grc'>6,</span> <span class='ocrx_word' id='word_1_243' title='bbox 146 2274 176 2309; x_wconf 81' lang='grc'>13.</span> <span class='ocrx_word' id='word_1_244' title='bbox 193 2270 238 2309; x_wconf 86' lang='lat' dir='ltr'>Gal.</span> <span class='ocrx_word' id='word_1_245' title='bbox 256 2274 274 2319; x_wconf 86' lang='lat'>5,</span> <span class='ocrx_word' id='word_1_246' title='bbox 293 2274 324 2308; x_wconf 85' lang='lat' dir='ltr'>ll.</span> <span class='ocrx_word' id='word_1_247' title='bbox 340 2270 391 2321; x_wconf 72' lang='lat' dir='ltr'>tuph.</span> <span class='ocrx_word' id='word_1_248' title='bbox 404 2273 423 2317; x_wconf 90' lang='grc'>2,</span> <span class='ocrx_word' id='word_1_249' title='bbox 438 2256 469 2309; x_wconf 75' lang='grc' dir='ltr'>15.ι</span> <span class='ocrx_word' id='word_1_250' title='bbox 485 2270 519 2317; x_wconf 71' lang='lat' dir='ltr'>al,</span> <span class='ocrx_word' id='word_1_251' title='bbox 535 2272 555 2308; x_wconf 90' lang='lat' dir='ltr'>in</span> <span class='ocrx_word' id='word_1_252' title='bbox 571 2270 649 2322; x_wconf 81' lang='lat' dir='ltr'>graecis</span> <span class='ocrx_word' id='word_1_253' title='bbox 664 2270 796 2321; x_wconf 86' lang='lat' dir='ltr'>scriptoribus</span> 
     </span>
    </p>
   </div>
   <div class='ocr_carea' id='block_1_5' title="bbox 106 2342 796 2398">
    <p class='ocr_par' dir='ltr' id='par_1_6' title="bbox 106 2342 796 2398">
     <span class='ocr_line' id='line_1_29' title="bbox 106 2342 796 2398; baseline -0.001 -14"><span class='ocrx_word' id='word_1_254' title='bbox 106 2348 143 2387; x_wconf 83' lang='lat' dir='ltr'>boe</span> <span class='ocrx_word' id='word_1_255' title='bbox 158 2359 218 2385; x_wconf 88' lang='lat' dir='ltr'>seusu</span> <span class='ocrx_word' id='word_1_256' title='bbox 234 2345 300 2398; x_wconf 81' lang='lat' dir='ltr'>legere</span> <span class='ocrx_word' id='word_1_257' title='bbox 316 2360 357 2385; x_wconf 90' lang='lat' dir='ltr'>uon</span> <span class='ocrx_word' id='word_1_258' title='bbox 372 2346 458 2385; x_wconf 86' lang='lat' dir='ltr'>memini.</span> <span class='ocrx_word' id='word_1_259' title='bbox 481 2369 505 2374; x_wconf 91' lang='lat'>—</span> <span class='ocrx_word' id='word_1_260' title='bbox 530 2346 562 2386; x_wconf 83' lang='lat' dir='ltr'>V..</span> <span class='ocrx_word' id='word_1_261' title='bbox 572 2348 603 2383; x_wconf 87' lang='lat'>18.</span> <span class='ocrx_word' id='word_1_262' title='bbox 634 2342 706 2388; x_wconf 75' lang='grc' dir='ltr'>οὐκέτι</span> <span class='ocrx_word' id='word_1_263' title='bbox 726 2344 747 2396; x_wconf 77' lang='grc' dir='ltr'>ἐξ</span> <span class='ocrx_word' id='word_1_264' title='bbox 764 2345 796 2387; x_wconf 79' lang='grc' dir='ltr'>ἐπ.</span> 
     </span>
    </p>
   </div>
   <div class='ocr_carea' id='block_1_6' title="bbox 94 2561 798 2780">
    <p class='ocr_par' dir='ltr' id='par_1_7' title="bbox 94 2561 798 2780">
     <span class='ocr_line' id='line_1_30' title="bbox 154 2561 798 2606; baseline -0.003 -10"><span class='ocrx_word' id='word_1_265' title='bbox 154 2565 183 2605; x_wconf 79' lang='lat'>21)</span> <span class='ocrx_word' id='word_1_266' title='bbox 200 2565 244 2598; x_wconf 82' lang='lat' dir='ltr'>Sunt</span> <span class='ocrx_word' id='word_1_267' title='bbox 256 2569 323 2605; x_wconf 87' lang='lat' dir='ltr'>tamen,</span> <span class='ocrx_word' id='word_1_268' title='bbox 339 2564 369 2606; x_wconf 82' lang='lat' dir='ltr'>qui</span> <span class='ocrx_word' id='word_1_269' title='bbox 385 2564 416 2596; x_wconf 89' lang='lat' dir='ltr'>hos</span> <span class='ocrx_word' id='word_1_270' title='bbox 433 2564 481 2605; x_wconf 86' lang='lat' dir='ltr'>ipsos</span> <span class='ocrx_word' id='word_1_271' title='bbox 497 2564 531 2596; x_wconf 80' lang='lat'>430</span> <span class='ocrx_word' id='word_1_272' title='bbox 544 2573 599 2595; x_wconf 84' lang='lat' dir='ltr'>anuos</span> <span class='ocrx_word' id='word_1_273' title='bbox 613 2562 634 2594; x_wconf 88' lang='lat' dir='ltr'>ab</span> <span class='ocrx_word' id='word_1_274' title='bbox 647 2561 743 2594; x_wconf 82' lang='lat' dir='ltr'>Abrahami</span> <span class='ocrx_word' id='word_1_275' title='bbox 755 2567 798 2594; x_wconf 88' lang='lat' dir='ltr'>tem·</span> 
     </span>
     <span class='ocr_line' id='line_1_31' title="bbox 94 2619 797 2665; baseline -0.006 -10"><span class='ocrx_word' id='word_1_276' title='bbox 94 2632 150 2665; x_wconf 76' lang='lat' dir='ltr'>pore</span> <span class='ocrx_word' id='word_1_277' title='bbox 162 2623 279 2655; x_wconf 84' lang='lat' dir='ltr'>numerandos</span> <span class='ocrx_word' id='word_1_278' title='bbox 295 2623 401 2654; x_wconf 81' lang='lat' dir='ltr'>arbitrentur</span> <span class='ocrx_word' id='word_1_279' title='bbox 413 2621 439 2662; x_wconf 82' lang='lat' dir='ltr'>(v.</span> <span class='ocrx_word' id='word_1_280' title='bbox 454 2620 525 2654; x_wconf 86' lang='lat' dir='ltr'>Oeoum.</span> <span class='ocrx_word' id='word_1_281' title='bbox 542 2626 559 2653; x_wconf 92' lang='lat' dir='ltr'>et</span> <span class='ocrx_word' id='word_1_282' title='bbox 575 2630 619 2661; x_wconf 86' lang='lat' dir='ltr'>quos</span> <span class='ocrx_word' id='word_1_283' title='bbox 631 2619 692 2652; x_wconf 78' lang='lat' dir='ltr'>laudat</span> <span class='ocrx_word' id='word_1_284' title='bbox 704 2620 797 2652; x_wconf 83' lang='lat' dir='ltr'>Wolfius</span> 
     </span>
     <span class='ocr_line' id='line_1_32' title="bbox 107 2677 796 2722; baseline -0.006 -10"><span class='ocrx_word' id='word_1_285' title='bbox 107 2681 130 2713; x_wconf 80' lang='lat' dir='ltr'>ad</span> <span class='ocrx_word' id='word_1_286' title='bbox 142 2680 159 2712; x_wconf 85' lang='lat' dir='ltr'>h.</span> <span class='ocrx_word' id='word_1_287' title='bbox 170 2681 200 2722; x_wconf 61' lang='grc'>1.),</span> <span class='ocrx_word' id='word_1_288' title='bbox 217 2690 277 2712; x_wconf 83' lang='lat' dir='ltr'>verum</span> <span class='ocrx_word' id='word_1_289' title='bbox 292 2681 311 2712; x_wconf 87' lang='lat' dir='ltr'>id</span> <span class='ocrx_word' id='word_1_290' title='bbox 325 2690 361 2713; x_wconf 89' lang='lat' dir='ltr'>uon</span> <span class='ocrx_word' id='word_1_291' title='bbox 376 2684 436 2722; x_wconf 83' lang='lat' dir='ltr'>potest</span> <span class='ocrx_word' id='word_1_292' title='bbox 451 2680 484 2711; x_wconf 90' lang='lat' dir='ltr'>nisi</span> <span class='ocrx_word' id='word_1_293' title='bbox 501 2679 561 2710; x_wconf 84' lang='lat' dir='ltr'>multis</span> <span class='ocrx_word' id='word_1_294' title='bbox 576 2677 658 2710; x_wconf 85' lang='lat' dir='ltr'>adhibitis</span> <span class='ocrx_word' id='word_1_295' title='bbox 673 2678 738 2716; x_wconf 85' lang='lat' dir='ltr'>artibus</span> <span class='ocrx_word' id='word_1_296' title='bbox 753 2677 796 2709; x_wconf 86' lang='lat' dir='ltr'>fieri.</span> 
     </span>
     <span class='ocr_line' id='line_1_33' title="bbox 109 2728 573 2780; baseline -0.002 -11"><span class='ocrx_word' id='word_1_297' title='bbox 109 2737 134 2770; x_wconf 70' lang='lat' dir='ltr'>Cf.</span> <span class='ocrx_word' id='word_1_298' title='bbox 148 2739 200 2770; x_wconf 85' lang='lat' dir='ltr'>etiam</span> <span class='ocrx_word' id='word_1_299' title='bbox 213 2738 329 2780; x_wconf 85' lang='lat' dir='ltr'>Augustin.</span> <span class='ocrx_word' id='word_1_300' title='bbox 343 2737 374 2769; x_wconf 83' lang='lat' dir='ltr'>civ.</span> <span class='ocrx_word' id='word_1_301' title='bbox 387 2737 409 2770; x_wconf 69' lang='grc' dir='ltr'>Ι),</span> <span class='ocrx_word' id='word_1_302' title='bbox 424 2737 451 2776; x_wconf 88' lang='grc'>16,</span> <span class='ocrx_word' id='word_1_303' title='bbox 465 2738 491 2769; x_wconf 83' lang='grc'>24.</span> <span class='ocrx_word' id='word_1_304' title='bbox 569 2728 573 2732; x_wconf 11' lang='grc' dir='ltr'><strong>ᾗ</strong></span> 
     </span>
    </p>
   </div>
   <div class='ocr_carea' id='block_1_7' title="bbox 0 0 874 3054">
    <p class='ocr_par' dir='ltr' id='par_1_8' title="bbox 0 0 874 3054">
     <span class='ocr_line' id='line_1_34' title="bbox 0 0 874 3054; baseline 0 0"><span class='ocrx_word' id='word_1_305' title='bbox 0 0 874 3054; x_wconf 95' lang='lat' dir='ltr'> </span> 
     </span>
    </p>
   </div>
  </div>
 </body>
</html>
