1723 3054
285 214 503 255 raouuoounul.
520 217 536 266 s.
549 220 567 254 a.
753 216 766 258 o

83 340 256 395 lholdtusw),
280 339 487 397 Mynsterusffl‘),
510 346 576 398 atque
594 340 618 382 hi
638 340 773 383 avoeabulo

83 421 183 480 πρότερον
200 419 273 472 Galat.
283 422 309 476 ll,
327 420 360 464 13.
376 419 493 462 maximam
509 421 629 464 sententiae
645 436 698 464 suae
715 436 774 464 com-

60 548 62 551 ,
83 500 245 545 mendatioiiem
264 506 353 558 petunt,
379 507 523 558 quamquam,
548 507 621 544 utrum
635 502 672 546 sit
695 517 774 545 secun-

83 580 136 624 dum
150 581 216 624 Pauli
238 580 265 624 as]
284 581 375 625 Galatas
398 581 439 624 iter
462 584 508 637 hoo,
535 581 595 638 quod
610 581 660 624 Act.
678 584 723 647 182³
746 597 774 625 an

83 665 144 719 illud,
167 662 227 719 quod
241 663 293 706 Act.
311 662 343 706 16.
360 668 552 718 commemoretur,
572 662 712 705 vehementer
728 679 773 705 am-

83 743 168 802 bigunt.
206 742 268 796 Quid
281 743 336 786 mihi
350 743 461 799 videatur,
484 743 561 800 paucis
577 758 691 800 exponam.
726 742 774 787 Sei-

83 825 136 867 licet
160 824 184 866 in
209 839 284 867 eorum
308 825 466 881 interpretum,
501 838 556 880 quos
578 824 700 881 posteriore
724 824 774 866 loeo

83 905 159 963 posui,
182 910 256 961 partes
278 903 375 947 concedo
391 911 413 947 et
428 904 485 947 hauc
501 904 616 961 epistolam
631 912 683 962 post
699 919 775 948 sceuo-

85 989 132 1029 ctum
146 985 211 1028 Pauli
232 983 255 1026 in
270 982 361 1028 Galatas
382 985 424 1028 iter
446 984 467 1028 h.
484 1001 502 1028 e.
517 991 569 1041 post
591 984 657 1040 illud,
680 984 707 1027 de
730 999 774 1041 quo

80 1065 135 1109 rAct.
152 1066 185 1110 18.
200 1065 293 1122 legitur,
309 1065 414 1122 scriptam
429 1080 488 1120 esse,
510 1081 559 1108 cum
575 1065 678 1123 Hugio,
693 1065 775 1108 Eich-

85 1147 178 1190 hornio
202 1153 223 1189 et
240 1144 401 1189 Bertholdto
421 1145 528 1189 existimo.
558 1145 616 1189 Nam
631 1146 709 1189 vocab.
725 1143 774 1204 apti-

85 1246 145 1287 τερον
165 1226 214 1270 Gal.
233 1229 257 1282 ll,
275 1228 307 1271 13.
329 1226 396 1284 longe
415 1226 518 1269 facillime
536 1226 567 1269 ita
586 1226 727 1284 intelligitur,
750 1209 776 1267 ut

86 1314 181 1362 statuas,
196 1307 301 1362 Paulum,
318 1321 369 1348 oum
383 1307 438 1349 haec
454 1307 572 1362 scriberet,
589 1309 618 1350 bis
633 1307 677 1349 iam
692 1306 715 1348 in
730 1305 776 1349 Ga-

85 1390 137 1432 latia
159 1387 282 1431 doctrinam
305 1386 401 1429 divinam
422 1386 551 1439 tradidisse3
578 1402 604 1430 ea
624 1394 693 1442 certe,
720 1402 776 1443 quae

85 1469 191 1512 Keilius
204 1471 231 1522 ³¹)
248 1473 323 1510 contra
338 1468 435 1522 monuit,
451 1456 496 1510 non
511 1483 613 1525 magnam
631 1468 677 1511 vim
694 1467 776 1510 habere

86 1550 141 1592 mihi
163 1535 355 1599 videnturrdicit
372 1547 423 1606 ille:
454 1547 548 1603 „dieses
571 1550 665 1591 erstemol
688 1547 777 1590 bezieht

86 1630 135 1674 sich
160 1628 222 1671 nieht
249 1628 288 1670 auf
314 1628 362 1670 eine
386 1627 463 1671 zweite
487 1627 626 1685 personliohe
649 1627 777 1684 Belehrung

87 1710 126 1754 der
141 1709 231 1754 Galater
249 1708 286 1751 bei
306 1709 377 1751 einem
398 1707 558 1752 wiederholten
572 1708 715 1752 Aufenthalte
738 1708 777 1751 des
853 1702 857 1708 ’

86 1789 191 1849 Apostels
210 1795 274 1832 unter
292 1789 370 1843 ihnen,
396 1787 492 1832 sond'ern
509 1788 616 1833 vielmehr
634 1789 674 1832 auf
689 1788 725 1832 die
740 1804 778 1845 ge-

87 1870 221 1928 genw'artige
239 1870 327 1924 zweite,
348 1869 400 1912 aber
418 1871 539 1925 sclo'islllclre
554 1869 682 1926 Belehrung
697 1868 779 1912 dersel-

86 1951 148 1994 ben“
165 1955 206 1993 etc.
245 1949 277 1991 At
298 1948 439 1992 vehementer
460 1948 553 2004 dubim,
579 1964 609 1991 an
618 1949 710 1992 ==Paulus
727 1964 776 1992 voc.

88 2027 264 2089 εὐαγγὲλίζεσῇαι
281 2020 358 2073 dehis
374 2029 440 2073 etiam
454 2029 535 2084 literis,
558 2030 678 2086 inquibus
694 2045 777 2073 errores

87 2111 200 2154 hominum
215 2110 380 2167 imprudentum
394 2110 535 2167 perstringit,
558 2093 590 2152 uti
605 2110 713 2167 potuerit,
737 2125 778 2153 nec
816 2142 820 2149 .

86 2192 160 2235 locum
180 2189 294 2244 recordor,
317 2190 356 2233 ubi
377 2189 455 2248 stupe
470 2193 554 2244 tractet
576 2190 639 2233 aliter
661 2206 736 2246 quam..
750 2190 778 2233 de

86 2271 224 2315 institutione
249 2271 378 2327 christiana,
409 2286 465 2327 quae
491 2286 528 2314 ore
553 2270 601 2325 fiat,
632 2270 716 2313 dictum
736 2271 777 2324 >sit

181 2468 261 2508 Einleit.
278 2469 314 2508 VI.
330 2482 349 2520 p.
366 2471 419 2507 2769
437 2480 480 2519 sqq.

130 2471 165 2521 oe)

131 2574 166 2624 30)
181 2572 194 2610 l.
211 2586 227 2611 c.
242 2586 261 2622 p.
279 2576 304 2611 ct
321 2586 363 2624 sqq.

130 2677 165 2727 31)
384 2653 387 2656 ’

181 2676 194 2713 l.
210 2690 226 2715 o.
245 2689 264 2727 p⁴
282 2679 314 2714 70.
