1723 3054
82 237 110 281 76
260 235 426 277 ANNOTATIO
441 237 595 276 PERPETUA,

82 343 139 383 uobis
150 342 228 382 occidit.
247 340 363 389 Falluntur,
380 342 413 392 qui
428 337 504 390 pubal<
514 340 589 390 passim
597 342 644 380 'esse
654 353 692 391 pro
704 334 771 390 οὕτως

83 421 176 457 statuunt.
192 439 218 443 —
236 414 301 457 ἐπίστ.
319 421 356 454 oet.
368 420 437 455 'sumta
451 415 501 453 haec
511 418 558 453 sunt
568 427 579 452 e
589 414 636 454 loco
646 412 771 454 nobiliGen.

85 496 117 539 15,
135 495 152 530 6.
168 491 193 530 cf.
208 490 268 528 Rom.
285 494 305 539 4,
323 495 332 529 9
341 506 346 539 ;
362 492 420 545 fidem
435 491 505 531 tatuit
519 491 568 529 Abr.
584 490 630 529 Deo
645 496 772 542 posterorum

82 567 195 605 felicitatem
210 566 334 616 promittenti
350 572 369 605 et
388 571 471 616 propter
490 566 542 603 hanc
561 566 621 604 fidem
636 560 692 618 Deus
708 566 788 622 Abra-7

81 642 162 678 hamum
177 642 198 680 iu
214 641 312 679 bominum
329 640 415 682 δικαίων
430 652 512 680 arcuere
529 639 610 689 babuit·
628 620 707 681 attala
721 640 772 676 ciero

83 720 130 755 sunt
145 728 171 754 ex
185 714 244 753 Pauli
259 720 324 754 ruente
340 715 380 763 illi,
393 714 478 766 quibus,
495 714 543 765 quin
558 713 614 763 Deo,
630 727 707 754 summo
723 713 772 751 iute-

82 792 159 843 gritatis
174 791 318 838 existimaturi,
333 792 455 841 probentur,
469 790 520 827 nibil
530 790 591 828 deest.
613 790 637 827 In
647 791 773 828 loco-autent

83 864 134 903 Gen.
149 866 212 903 verba
226 865 282 902 hebr.
298 878 340 902 non
355 870 401 903 sunt
416 865 441 902 ad
456 865 508 902 hauc
527 863 656 902 subtilitatem
675 864 772 915 dogmati-

86 952 129 978 cam
144 939 253 990 exigenda,
269 940 304 976 sed
314 939 431 989 simpliciter
441 939 481 976 hoc
491 938 529 976 sibi
539 937 621 975 volunt:
636 938 657 975 id
666 938 723 976 Deus
733 950 772 988 pro

85 1015 165 1068 pietatis
184 1015 304 1053 documento
323 1015 399 1053 babuit.
414 1038 443 1043 —
458 997 551 1068 *prolatox
559 1014 627 1064 imper.
645 1020 665 1053 ut
679 1014 738 1066 Vulg.
754 1020 773 1052 et

85 1089 130 1140 Syr.
147 1089 255 1141 (Boysen
265 1088 341 1127 Erlaut.
351 1103 371 1139 p.
385 1091 410 1126 83
421 1090 458 1139 sq.)
475 1101 493 1128 v.
505 1087 597 1127 Calvin.
609 1094 630 1127 et
639 1089 736 1139 Bengcl.
747 1090 773 1126 ad

84 1163 102 1203 h.
117 1163 131 1203 l.
146 1185 174 1190 —
190 1160 231 1204 utel
242 1159 300 1216 Ἀβρ,
316 1164 396 1212 emphat
418 1163 461 1202 ucri
471 1163 519 1201 Abr,
527 1163 607 1214 posteri
616 1164 640 1202 cf.
651 1161 709 1200 Rom.
723 1166 742 1209 9,
754 1165 772 1199 7.
833 1169 835 1171 ·

83 1232 152 1288 Carpit
159 1236 174 1275 J
175 1237 262 1285 udaeos,
274 1237 306 1288 qui
317 1250 338 1276 se
349 1236 404 1276 solos
412 1241 496 1288 propter
505 1236 602 1288 originem
611 1239 687 1289 egente
695 1236 771 1278 Abrah.
841 1278 844 1283 ¹

83 1310 150 1364 (nard
159 1308 307 1368 adparet-olom
315 1313 370 1368 Ἀβρ.
382 1325 426 1351 esse
436 1312 580 1351 existimarunt.
592 1311 629 1351 Oet
643 1310 772 1352 3183111311-
827 1342 832 1348 ,

82 1402 134 1440 gen,
151 1388 176 1424 ad
191 1388 210 1424 h.
226 1387 239 1424 l.
261 1386 286 1423 In
301 1400 352 1424 voce
368 1378 425 1428 abror
439 1387 479 1423 vim
494 1387 560 1425 inesse
574 1392 634 1437 patet.

138 1462 163 1500 V,
175 1463 193 1498 ὃ.
209 1460 325 1515 προϊδοῦσα
340 1456 415 1516 γραφή,
428 1460 435 1496 i
457 1473 472 1498 c
490 1467 561 1498 auctor
577 1463 697 1512 scripturae,
713 1465 771 1513 spiri-

82 1544 113 1576 tus
125 1536 209 1576 diuinusv
225 1534 316 1574 Eandem
326 1534 469 1587 metonymiam
480 1548 498 1573 v.
509 1533 567 1575 Rom.
579 1539 599 1583 4,
613 1538 630 1576 3.
649 1538 696 1577 Jolr.
709 1541 728 1587 7,
740 1516 779 1580 38¹.-

85 1612 129 1664 Syr.
140 1613 195 1655 ,haec
209 1610 254 1648 Deo
275 1611 361 1660 tribuit:
372 1612 450 1652 tractet
465 1614 511 1650 n‘on,
523 1617 552 1649 est
562 1625 604 1662 :pro
620 1614 663 1660 fut.⁴
671 1614 707 1651 sed
722 1613 772 1665 sign.

84 1688 115 1734 id,
130 1687 183 1736 quod
193 1686 215 1722 in
226 1686 284 1722 deum
296 1685 377 1722 omnino
389 1685 446 1723 cadit.
458 1699 486 1731 ε
495 1681 528 1726 Γότι
539 1679 664 1743 eblornbrj'c
676 1690 713 1726 etc‘.
723 1689 773 1726 baec

85 1761 171 1798 conflata
186 1764 234 1797 sunt
250 1771 261 1795 e
277 1759 355 1797 duobus
371 1758 394 1796 V.
406 1758 429 1796 Τ,
445 1758 496 1797 locis
511 1757 562 1797 Gen,
577 1762 608 1808 lt,
621 1761 638 1798 3.
657 1764 689 1809 18,
704 1765 734 1802 18.
745 1786 773 1791 -

83 1832 396 1880 πά1)ταέᾖν,]]οι1111133οι111133
412 1835 456 1874 sine
472 1835 595 1884 discrimine,
610 1838 684 1876 Judaei
699 1838 773 1876 fuerint

81 1911 192 1949 Erhnicive,
208 1933 235 1937 -
251 1910 275 1947 V·
288 1912 307 1950 9.
323 1906 358 1952 σὺν
373 1910 403 1968 τῷ
419 1911 485 1969 πιστῷ
496 1911 552 1970 'App
564 1925 608 1951 cum
618 1913 665 1952 Abr.
676 1918 771 1964 tanquam

48 2000 50 2002 ·
82 1990 164 2035 parente
180 1989 200 2021 et
215 1984 359 2032 antesignano,
376 1984 410 2033 qui
423 1984 500 2034 primus
515 1985 567 2022 banc
583 1981 678 2040 εὐλογίαν
689 1988 771 2037 accepit.

83 2059 125 2098 Alii
140 2057 205 2109 simpl.
222 2057 295 2096 dictum
310 2062 380 2108 putant
389 2071 427 2109 pro
439 2039 554 2108 cffitot.
567 2059 622 2115 Ἀβρ.
639 2058 678 2099 Sed
688 2060 709 2098 id
720 2066 773 2099 certe

82 2149 108 2174 ex
122 2135 169 2173 loco
185 2133 244 2172 Rom.
262 2135 281 2181 8,
298 2136 330 2172 32.
347 2133 399 2171 effici
415 2134 491 2184 nequit*
512 2133 541 2174 Of.
558 2136 604 2174 tam.
620 2135 653 2174 Ps.
667 2139 714 2184 146,
727 2140 744 2175 [t.

140 2210 163 2247 V.
178 2212 209 2246 10.
230 2206 253 2258 ἐξ
264 2208 306 2263 ἔργ,
317 2204 362 2262 udp..
374 2208 414 2250 εἰσί
428 2208 526 2259 11311111
540 2209 598 2247 factis
612 2210 654 2261 legi
669 2210 781 2250 censeam-¹

84 2284 126 2321 nois
143 2287 221 2321 omnem
236 2282 276 2319 vim
292 2282 388 2320 tribuunt.
413 2282 544 2321 Lutherus
561 2284 627 2334 (quem
641 2285 774 2350 imitaturode

83 2358 210 2408 Wettius):
233 2358 274 2405 die,
293 2358 367 2397 so‘mit
382 2358 417 2397 des
433 2357 480 2398 Ges.
498 2358 585 2398 Werken
601 2338 708 2413 umgblren,
731 2374 774 2399 non

83 2435 145 2472 male:
161 2429 214 2476 eirca
230 2433 263 2484 ἐκ,
280 2439 300 2471 ut
316 2434 374 2481 alibi,
390 2434 497 2484 significat,
509 2436 600 2488 pandere
616 2437 700 2490 aliquem
712 2436 737 2475 ub
748 2436 790 2479 ul..

83 2521 115 2554 rc,
131 2513 183 2545 stare
196 2510 221 2546 ab
237 2508 304 2557 aliqua
318 2513 380 2558 parte.
396 2505 517 2563 -uotcdp
532 2521 610 2559 poenae
627 2510 715 2557 divinae,
730 2509 774 2560 lege

82 2594 131 2621 mos,
149 2582 278 2630 constitutae,
299 2588 320 2621 ut
339 2563 415 2648 flbbp)
435 2582 493 2621 Deut.
513 2586 548 2631 11,
565 2585 597 2623 26,
620 2582 647 2622 Ρ3
672 2587 723 2633 109,
742 2587 773 2626 17,

370 2637 398 2650 ΤΤ

85 2672 155 2710 oppos.
172 2658 199 2716 τῇ
217 2655 302 2717 εὐλογίᾳ
317 2674 334 2699 v.
349 2663 380 2698 10.
404 2658 471 2698 Sens:
486 2658 521 2697 lex
536 2659 590 2697 enim
604 2660 717 2712 praeceptis
732 2662 773 2701 suis
814 2677 817 2680 ⁴

84 2734 147 2772 minas
170 2734 255 2781 addidit,
280 2734 372 2784 adeoque
393 2736 493 2774 miseriam
515 2734 568 2785 parit
590 2733 639 2783 illis,
659 2737 693 2786 qui
710 2736 774 2787 legem
