1723 3054
117 239 145 285 aa
272 210 273 213 ¹
292 241 458 281 annonario
474 242 627 282 Pnnrnrnn.

175 346 198 384 V.
212 348 229 383 3.
249 341 287 401 ἡμ.
304 344 443 393 Christianos,
458 352 499 384 tum
515 360 525 384 e
540 346 623 385 Judaeis
639 352 680 384 tum
696 358 706 383 e
721 348 805 397 paganis

119 425 185 467 ortos,
201 419 249 457 dicit
265 419 289 457 cf.
305 433 324 458 v.
342 422 360 458 8.
379 444 408 449 -
427 417 475 475 υήπ.
491 421 580 470 impares
593 421 732 471 suscipiendae
748 434 806 459 accu-

118 494 187 531 ratiori
198 499 218 532 et
228 494 328 531 subtiliori
341 507 408 532 rerum
418 495 530 533 divinarum
541 495 636 533 scientiae
647 509 664 533 v.
675 495 728 546 Eph.
740 499 760 543 4,
775 499 805 533 14.

118 567 153 606 ubi
169 573 299 618 opponuntur
315 564 390 624 ἄνδρες
399 569 483 611 τέλειοι.
494 567 547 607 ·Cet.
560 568 584 607 ci.
596 567 677 620 Origen.
689 582 704 607 c.
716 570 771 608 blare
791 573 805 608 1.

118 654 137 692 p.
152 644 183 680 15.
201 642 230 680 ed.
242 641 311 680 Wetst.
327 665 354 670 —
372 647 466 698 στοιχεῖα
481 643 575 682 translate
591 644 683 681 dicuntur
697 644 763 692 primu
777 644 806 681 in-

118 716 226 754 stitutionis
242 715 341 753 elementa
356 716 440 766 (Horat.
456 730 487 767 ep.
506 715 524 764 1}
540 720 574 759 00.
594 720 623 754 17.
647 715 741 764 Quinctil.
761 718 806 756 inst.
827 746 830 748 .

122 794 139 837 1,
158 791 195 841 t),
214 789 280 840 prima
294 790 365 828 artium
382 797 401 828 et
416 791 564 840 disciplinarum
581 791 647 837 initia,
664 791 735 841 quibus
751 792 807 841 pueri

121 860 207 918 (uincor.)
223 863 288 901 solent
298 864 396 914 impertiri
407 865 430 903 cf.
442 863 485 902 001.
498 868 517 913 2,
529 867 547 903 0.
560 867 591 903 20.
608 864 632 905 H¹
644 870 712 904 autern
722 864 735 902 l.
746 865 806 915 signi-

117 938 187 976 ficatur
206 938 311 988 disciplina
330 951 399 987 sacra,
423 939 487 990 qualis
508 944 527 977 et
544 940 598 989 apud
613 939 702 978 Judacos
719 944 739 977 et
753 940 806 989 apud
840 928 842 934 Α

119 1025 210 1063 paganos
226 1012 272 1062 (bos
287 1018 384 1064 utrosque
399 1013 539 1063 complectitur
550 1027 595 1052 voc.
607 1010 688 1068 κόσμου
700 1014 726 1052 cf.
739 1017 747 1050 1
758 1012 805 1051 Cor.

123 1090 140 1133 1,
153 1088 194 1137 20.)
205 1085 231 1135 31)
247 1086 285 1124 fuit
295 1091 340 1124 ante
352 1085 463 1134 Christum,
479 1087 578 1126 tironibus
594 1086 755 1135 accommodata,
770 1087 806 1125 im-

119 1160 221 1210 perfecta,
237 1160 292 1198 rudis
309 1160 334 1199 cf.
350 1175 368 1199 v.
386 1164 403 1198 0.
419 1160 481 1198 Hebr.
495 1164 513 1207 0,
528 1165 551 1198 10
563 1174 592 1212 sq.
608 1175 625 1199 v.
638 1161 752 1200 Wesselii
768 1162 808 1200 dis-

118 1239 193 1273 sertatt.
208 1246 259 1273 sacr.
274 1247 294 1284 p.
306 1237 347 1273 480
359 1247 401 1285 sqq.
417 1234 546 1273 Noesselt.
559 1240 627 1286 opu'sc.
639 1236 666 1283 H,
677 1249 697 1286 p,
710 1238 749 1273 207
761 1248 805 1287 sqq.

118 1309 163 1346 add.
182 1308 275 1346 Erasm.
294 1308 368 1356 Bona,
392 1308 487 1347 calixt.
503 1315 522 1347 et
542 1308 647 1348 Cramer.
664 1310 723 1349 adh.
740 1310 753 1347 l.
769 1323 806 1347 nec

117 1395 159 1419 non
176 1380 267 1420 Suicer.
284 1382 343 1421 Thes.
354 1383 381 1431 Π,
397 1397 416 1434 p.
431 1385 490 1421 1038.
507 1389 526 1421 et
541 1383 722 1423 Lakemacheri
739 1385 807 1423 obser-

117 1461 163 1495 ratt.
175 1455 245 1506 philol.
255 1456 292 1504 IX,
304 1470 323 1507 p.
337 1460 362 1495 ’(4
374 1470 417 1509 sqq.
440 1457 486 1496 Hoc
503 1463 569 1496 autem
584 1471 629 1497 voc.
646 1470 710 1514 οτοιχ.
726 1458 806 1515 egregie

118 1530 292 1569 accommodatum
310 1544 353 1570 esse
371 1533 397 1570 ad
416 1532 465 1570 illud
480 1529 563 1588 νήπιος,
580 1538 652 1583 sponte
668 1537 727 1583 patet.
758 1532 806 1579 Alii,

118 1611 227 1655 praeeunte
237 1606 379 1656 Augustino
396 1606 429 1656 (tle
441 1606 483 1644 Oiv.
495 1606 533 1644 Dei
543 1607 580 1654 IV,
595 1609 634 1658 11.)
651 1608 746 1647 elemento
757 1607 807 1657 pby-
854 1639 858 1643 .

119 1679 161 1717 sica
176 1685 195 1717 et
209 1691 242 1718 res
257 1693 283 1717 ex
297 1680 323 1718 iis
339 1687 406 1728 ortas⁷
423 1681 545 1732 omninoque
562 1694 641 1719 omnem
650 1686 761 1720 „externum
776 1694 807 1719 re-

120 1767 162 1791 rum
175 1754 278 1801 ordinem,
295 1755 320 1792 ad
337 1768 394 1805 quem
410 1761 498 1793 veterum
514 1755 622 1805 religiones
637 1756 762 1805 spectabant,
778 1756 808 1793 in-

119 1811 219 1879 telligunt,
236 1828 260 1865 cf.
278 1842 295 1867 v.
313 1832 344 1867 10.
361 1843 378 1867 v.
395 1830 455 1868 etitem
470 1829 597 1867 Theodor.
614 1830 639 1867 ad
654 1830 673 1867 h.
689 1830 701 1867 l.
725 1827 764 1868 Sed
779 1831 807 1868 ita

118 1902 192 1941 <ludaei
211 1908 263 1942 certe
282 1916 323 1941 non
342 1909 435 1954 poterant
455 1905 492 1943 nisi
511 1904 579 1954 paullo
599 1905 691 1943 acerbius
707 1904 746 1942 dici
761 1900 808 1947 brt>

118 1973 147 2018 τὰ
165 1989 229 2033 στοιχ.
247 1993 266 2019 τ.
282 1974 362 2033 κόσμου
382 1980 575 2033 δεδουλωμένοι·
597 1991 653 2018 sacer
669 1979 733 2026 enim,
750 1992 807 2029 quem

121 2051 230 2098 iaciebant,
244 2054 311 2090 rerum
321 2053 441 2091 naturalium
453 2054 502 2103 (τῶν
514 2053 629 2109 στοιχείων)
640 2048 688 2092 usus
699 2052 808 2091 addonem

119 2127 222 2175 spectabat
240 2126 324 2178 ipsaque
342 2127 408 2166 dorae
426 2127 471 2178 lege
491 2133 510 2166 et
526 2128 646 2166 auctoritate
661 2127 760 2165 nitebatur
776 2128 809 2178 (id

119 2200 175 2250 quod
190 2199 365 2240 Schmiederus
375 2200 402 2253 32)
418 2215 525 2252 perperam
541 2202 630 2253 negavit,
645 2216 663 2241 v.
676 2193 807 2254 Exeat-sla).

116 2329 254 2336 --—-.—

166 2416 194 2458 31)
214 2405 254 2449 Scil.
270 2414 338 2447 ridetur
354 2409 362 2449 ὁ
378 2409 431 2458 udum.
447 2413 480 2446 hoc
496 2415 548 2447 etiam
563 2414 601 2446 loco
614 2424 650 2447 non
663 2418 699 2446 tam
712 2408 766 2457 φύσιν
780 2417 809 2444 aut

124 2483 181 2505 rerum
188 2474 291 2506 mundanar.
301 2473 417 2515 complexum,
430 2482 482 2513 quam
491 2481 519 2513 ea,
533 2481 577 2514 quae
585 2476 621 2510 τοῖς
634 2469 744 2515 ἐπουρανίοις
757 2474 809 2511 atque

119 2530 164 2562 adeo
180 2536 215 2571 τοῖς
230 2534 356 2574 πνευματικοῖς
371 2531 452 2572 opposita
470 2534 519 2571 sunt,
538 2529 644 2571 significare,
662 2518 809 2570 quemadmodum
839 2548 842 2566 ι

121 2586 161 2620 Col.
174 2588 190 2628 2,
204 2589 219 2620 ὃ,
232 2589 259 2620 20.
276 2582 284 2623 ὁ
298 2582 366 2632 κόσμος
378 2586 403 2635 τῷ
415 2584 490 2634 Χριστῷ
503 2586 595 2619 manifesto
608 2587 706 2629 opponitur.

167 2681 196 2721 32)
209 2679 284 2720 Reliqua
294 2680 340 2711 levia
352 2684 401 2721 sunt,
418 2690 462 2721 quae
474 2679 503 2712 ille
517 2684 579 2712 contra
590 2682 669 2711 nostram
681 2679 810 2720 interpretatio-

122 2747 162 2769 nem
179 2737 282 2781 disputavit3
301 2736 407 2768 levissimum
423 2737 475 2779 illud,
492 2737 539 2778 quod
555 2736 606 2777 dixit,
622 2736 648 2769 ita
664 2736 716 2770 scribi
731 2735 810 2768 debuisse
