1723 3054
214 260 316 302 Vulteio
332 261 447 301 LATINA.
470 262 530 302 GAP.
546 263 570 302 V.
587 263 622 301 Vl.
738 262 766 304 37

76 366 145 413 rixae,
162 365 217 412 odia,
232 366 284 414 irae,
300 365 451 413 contentiones,
471 366 562 414 dissidia,
578 358 655 414 sectae,
670 365 788 414 invidiae·

76 440 159 487 caedes,
178 439 294 488 ebrietates,
314 441 471 479 comessationes
491 445 550 490 atque
565 441 597 497 his
611 434 693 489 similia,
714 453 767 492 quae

69 515 112 564 qui
129 518 239 562 sectentur,
263 527 299 554 eos
317 528 372 554 nunc
390 515 447 562 dico,
471 514 638 565 quemadmodum
656 515 766 556 alio'tem-

77 600 127 638 pore
143 588 195 642 dixi,
211 602 252 626 non
268 602 329 639 posse
345 589 414 628 divino
430 601 494 639 regno
509 588 577 639 potiri.
604 586 689 639 Spiritus
700 595 766 628 autem
791 625 794 630 .

77 662 155 701 fructus
165 668 212 702 sunt
226 664 308 712 caritas,
324 665 429 720 gaudium,
446 663 566 712 concordia,
582 662 696 711 clementia,
711 665 766 702 beni·
781 703 783 705 ,

67 737 153 795 gaitae,
169 738 310 786 beneficentia,
326 738 385 787 fides,
400 737 483 786 lenitas,
500 737 633 777 continentia:
646 737 682 776 ¹his
693 737 766 776 talibus

76 811 112 849 lex
130 824 171 849 non
192 812 314 850 adversatur.
345 813 429 860 Verum,
449 813 483 862 qui
502 810 577 856 Christi
591 819 647 859 sunt,
660 811 767 850 libidinem

80 898 119 922 una
134 897 178 923 cum
194 885 297 924 affectibus
317 891 337 924 et
355 886 496 937 cupiditatibus
513 886 535 924 in
551 899 630 924 crucem
645 887 705 939 qttnsi
720 899 766 937 ege·

77 964 129 997 runt.
160 958 239 1007 Quodsi
258 960 329 1010 spiritu
347 961 442 1008 vivimus,
466 961 558 1011 spiritum
578 960 643 998 etiam
654 959 712 998 factis
731 973 766 998 ex-

78 1033 194 1083 primamus.
227 1032 260 1072 Ne
280 1046 352 1073 vanam
362 1034 460 1086 ‘gloriam
482 1038 595 1085 captemus,
619 1034 706 1073 invicem
729 1047 766 1073 nos

78 1106 200 1154 lacessentes
215 1108 314 1160 nobisque
329 1109 446 1148 invidentes.
478 1146 480 1148 ,

366 1335 420 1392 Cap.
436 1335 477 1378 VI.
495 1346 496 1349 ’

134 1479 246 1529 (latissimi,
267 1481 283 1519 si
300 1482 344 1532 quis
362 1486 408 1520 ante
427 1481 563 1531 deprehensus
581 1480 641 1519 fuerit
658 1481 678 1518 in
697 1481 765 1532 aliquo

78 1555 162 1603 delicto,
181 1568 229 1603 vos,
251 1556 286 1606 qui
300 1555 373 1606 spiritu
387 1556 489 1606 gaudetis,
505 1568 551 1597 cum
565 1556 648 1594 comiter
664 1556 766 1607 corrigite,

77 1635 180 1678 caventes,
203 1643 228 1667 ne
250 1642 287 1668 vos
311 1643 391 1681 quoque
411 1630 450 1680 (ud
465 1643 532 1683 prove
549 1629 619 1682 facto)
640 1630 767 1681 abripiamiui

77 1704 166 1743 Invicem
187 1717 250 1742 onera
269 1704 343 1756 (vitiu)
359 1705 409 1743 ferte
424 1696 484 1755 atque
499 1705 527 1742 ita
541 1704 580 1756 legi
596 1702 720 1743 Christianae
735 1717 767 1744 sa-

70 1779 171 1819 tisfacite.
201 1777 254 1817 Nam
270 1779 287 1817 si
304 1779 348 1830 quis
364 1780 402 1819 sibi
417 1779 492 1830 aliquid
508 1791 553 1818 esse
564 1778 651 1827 videtur,
668 1780 702 1830 qui
717 1780 767 1834 nibil

79 1854 114 1901 sit,
129 1866 151 1892 se
166 1854 232 1903 ipsum
249 1853 328 1903 decipit.
354 1852 415 1891 Suum
432 1853 515 1903 quisque
531 1865 583 1902 opus
598 1854 692 1904 exploret
706 1858 766 1903 atque

77 1927 105 1965 ita
120 1927 168 1975 sibi,
188 1940 229 1963 non
245 1926 289 1964 aliis
304 1922 405 1977 gaudendi
420 1927 521 1964 materiem
537 1926 627 1974 habebit3
647 1940 692 1964 nam
708 1939 769 1965 suum*

41 1993 43 1995 ¹
78 2002 161 2053 quisque
180 2014 231 2040 onus
249 2001 344 2053 portabit.
378 1999 418 2048 Qui
436 2001 539 2040 institutus
558 2005 588 2041 est
607 2001 638 2039 ad
655 2001 766 2040 doctrinam

46 2126 51 2132 β
77 2074 197 2129 (diuinum),
218 2076 333 2127 magistrum
347 2076 369 2114 in
385 2077 474 2115 omnium
489 2078 590 2115 bonorum
605 2077 767 2114 communionem

77 2156 172 2190 assumat.
202 2149 234 2189 Ne
256 2151 393 2202 decipiamini,
411 2148 468 2190 Deus
488 2150 526 2190 sibi
543 2150 601 2189 illudi
618 2163 661 2187 non
683 2151 766 2200 patitur:

19 2239 21 2242 ’
77 2239 137 2275 quam
152 2226 205 2264 euim
225 2225 269 2276 quis
288 2230 397 2265 sementem
417 2226 496 2274 fecerit,
519 2238 562 2263 eam
585 2229 649 2264 metet.
684 2223 767 2272 Quiin

75 2299 181 2338 libidinum
204 2299 264 2352 quusi
289 2312 339 2352 apro
361 2300 444 2347 severit,
469 2300 486 2337 is
508 2299 554 2336 inde
577 2303 637 2336 metet
658 2298 766 2347 interitum,

77 2379 147 2412 contra
163 2373 196 2425 qui
210 2373 231 2410 in
251 2373 332 2423 spiritus
352 2373 426 2411 severit
444 2384 504 2426 apro,
527 2372 544 2410 is
563 2373 611 2411 inde
629 2377 689 2411 metet
706 2372 767 2411 vitam

76 2453 183 2487 aeternam.
219 2448 275 2486 Bene
299 2447 392 2485 faciendo
418 2460 443 2485 ne
469 2447 611 2498 defatigemur3
634 2448 654 2485 in
676 2452 767 2498 tempore

77 2524 130 2561 enim
152 2527 248 2562 metemus
268 2530 309 2560 non
329 2521 450 2561 deficientes.
482 2521 571 2573 ltaque,
584 2534 628 2560 cum
647 2523 767 2573 opportuni-

76 2603 116 2636 tate
132 2603 221 2647 utamur,
245 2598 304 2637 nobis
323 2597 419 2645 invicem,
442 2593 528 2644 marsiime
545 2608 592 2636 vero
609 2597 650 2644 his,
673 2598 706 2648 qui
722 2597 767 2635 reli-

76 2660 143 2723 gionis
164 2678 210 2711 sunt
229 2672 290 2721 socii,
311 2671 465 2711 benefaciamus.
496 2672 567 2711 Videte
586 2672 666 2723 quantis
685 2672 709 2710 ad
728 2684 765 2709 vos

77 2746 140 2786 literis
155 2746 271 2797 scripserim
289 2760 333 2786 mea
352 2759 418 2793 manu
441 2745 490 2795 -Qui
505 2752 589 2786 externa
603 2746 669 2800 specie
684 2746 765 2797 placere
