1723 3054
121 234 148 277 14
318 231 536 273 rnotneouuun.
552 235 569 283 a.
587 237 604 271 a

119 357 204 399 frustra.
247 354 337 398 Galatae
364 356 432 412 enim,
461 356 605 400 institutionis
630 356 736 399 Paulinae
762 355 807 398 iere

121 437 193 492 obliti,
216 450 283 478 vanas
306 436 399 479 istorum
417 437 530 479 hominum
551 436 665 493 opiniones
680 435 808 493 persuaderi

120 516 163 559 sibi
177 515 238 573 passi
254 521 311 558 sunt.
355 515 407 559 Hoc
421 516 460 559 ubi
479 516 569 558 rescivit
583 516 716 573 Apostolus,
740 516 808 573 scrip-

120 597 148 638 sit
162 595 214 651 has,
241 595 268 639 de
284 596 364 652 quibus
383 596 465 653 agitur,
490 596 575 651 literas,
598 596 621 637 in
640 597 723 652 iisque,
747 611 808 640 suam

119 676 291 730 institutionem,
308 691 351 732 qua
366 674 456 718 Galatas
472 675 638 732 impertivisset,
654 676 719 718 unice
735 691 808 719 veram

121 756 214 814 (quippe
229 771 242 797 a
257 754 346 798 Christo
365 755 414 811 ipso
430 755 560 812 profectam)
577 770 635 810 esse,
659 754 808 811 disciplinam-

121 851 163 891 que
179 834 289 877 iudaicam
304 835 327 877 in
342 835 437 877 ecclesia
451 834 571 877 christiana
584 835 608 877 vi
623 835 682 877 omni
697 842 719 878 et
734 841 809 877 aucto-

120 905 192 957 ritatel
213 929 299 969 carere,
329 914 471 971 probabiliter
500 914 664 957 demonstravit.
714 913 808 957 Constat

121 1000 194 1036 autem
216 994 319 1036 universa
341 993 434 1050 epistola
457 995 528 1037 tribus
548 1010 559 1037 e
578 994 687 1051 partibus:
716 1010 760 1037 troo
776 999 809 1036 est

122 1074 149 1133 de
164 1073 229 1116 Pauli
251 1073 380 1116 auctoritate
404 1073 526 1130 apostolica
548 1072 647 1130 (Capi.
665 1073 716 1130 IL),
744 1076 810 1117 ultera

120 1154 176 1211 legis
194 1153 307 1195 Mosaieae
327 1167 415 1207 causas,
442 1153 544 1207 consilia,
566 1152 731 1210 abrogationem
749 1151 811 1196 deni-

123 1249 176 1290 que,
200 1248 256 1289 quae
271 1248 311 1290 per
329 1231 442 1275 Christum
458 1233 517 1275 iacta
532 1238 575 1288 est,
590 1233 731 1290 persequitur
746 1232 809 1291 (Cap.

123 1313 158 1356 IH
172 1339 202 1344 -
218 1313 252 1368 V,
275 1314 330 1369 ld),
358 1318 426 1356 tertio·
443 1311 561 1370 praecepta
585 1318 644 1356 recte
669 1328 695 1355 ac
719 1304 811 1357 honeste

122 1392 212 1436 vivendi
236 1394 315 1446 repetit
340 1400 361 1435 et
392 1392 520 1449 explicatius
549 1392 616 1436 tradit
642 1392 703 1450 (Cap
717 1393 750 1449 V,
779 1395 810 1438 il.

122 1472 168 1528 VI,
187 1473 236 1528 ta).

180 1553 255 1609 Atque
270 1552 336 1595 huius
353 1552 473 1608 tripartitae
489 1551 644 1610 disputationis
660 1553 717 1595 hanc
731 1553 812 1597 habeto

124 1633 301 1689 descriptionem.
331 1631 348 1673 l.
364 1631 424 1674 Vera
439 1647 497 1687 esse,
515 1647 570 1688 quac
585 1631 710 1687 tradiderit,
726 1633 813 1689 sibique
842 1643 847 1647 '

127 1766 261 1773 -----

124 1858 263 1897 auctoritatem
290 1858 400 1896 vindicavit
424 1870 566 1908 paganosque,
597 1857 631 1909 qui
656 1859 681 1895 ad
706 1840 814 1897 christiana

123 1946 183 1972 sacra
200 1932 321 1970 transierant
340 1931 499 1982 disciplinaeque
517 1932 609 1970 iudaicae
633 1932 708 1970 nullam
732 1945 814 1982 operam

125 2008 208 2053 dabant,
233 2018 293 2055 aegre
315 2005 365 2042 tulit.
401 2002 445 2042 Sed
464 2017 526 2045 aarum
544 2006 624 2054 pietatis
649 2007 737 2055 quodam
755 2017 815 2044 sensu

126 2082 207 2119 ductum
222 2084 262 2126 est,
281 2079 366 2119 alterum
381 2079 444 2126 fastu,
460 2079 536 2116 invidia
551 2085 570 2117 et
585 2092 647 2117 coeco
663 2079 732 2117 furore
743 2063 831 2131 flagras

124 2156 159 2193 vit.
189 2154 239 2192 iilos
254 2158 314 2191 vocat
329 2151 351 2189 P.
363 2148 463 2202 &saevae
477 2159 575 2203 rogatque
586 2141 692 2204 paganos,
708 2158 730 2190 ut
745 2166 815 2192 eorum

124 2228 256 2268 imbecillitati
271 2228 322 2266 bene
338 2226 444 2265 consulant
459 2225 528 2276 (Rom.
548 2230 584 2275 tr,
605 2231 612 2263 t
629 2239 673 2278 sqq.
692 2230 728 2275 tt,
747 2232 756 2265 1
773 2241 816 2279 sqq.

129 2308 145 2341 t.
166 2301 212 2340 Cor.
233 2304 282 2349 Μ
307 2314 351 2351 sqq.
396 2300 462 2338 Galat.
483 2304 504 2348 6,
530 2306 547 2339 l.
568 2302 607 2352 2.),
630 2302 651 2339 in
673 2302 711 2340 hos
734 2298 816 2353 (κύνας,

128 2372 211 2425 κακοὺς
227 2372 320 2429 ἐργάτας
335 2374 423 2426 Philipp.
440 2378 459 2423 3,
472 2378 502 2422 2·‚
518 2376 681 2431 ψευδαδέλφους
696 2374 741 2413 Gal.
754 2378 816 2424 2,.4.,

126 2444 315 2505 ψευδαποστόλους
330 2452 349 2486 2.
365 2447 412 2488 Cor.
430 2453 466 2497 11,
485 2452 516 2488 13.
532 2449 629 2501 appellat)
652 2450 746 2501 graviter
759 2449 815 2488 inve-

126 2526 177 2564 hitur
199 2524 329 2573 hortaturque
348 2536 406 2572 suos,
430 2531 450 2562 ut
469 2538 481 2562 a
496 2524 570 2563 talibus
588 2524 704 2562 hominibus
720 2524 759 2562 sibi
774 2524 817 2562 diii·
838 2539 841 2541 ·

126 2604 195 2651 genter
212 2602 296 2636 caveant
311 2598 340 2648 (2.
356 2596 406 2635 Cor.
422 2601 452 2636 10.
483 2598 529 2637 Gal.
550 2603 569 2646 1,
588 2601 649 2636 6-9.
666 2601 688 2646 5,
710 2601 767 2647 tt,
787 2601 817 2638 ta.

127 2672 171 2711 Col.
189 2675 212 2721 2,
231 2675 254 2710 18
267 2685 296 2722 sq.
330 2676 346 2709 l.
362 2672 413 2710 Tim.
432 2676 456 2720 6,
473 2676 491 2711 3.
508 2675 543 2724 4.).
