1723 3054
7 252 32 294 g
72 235 111 278 rur
269 295 270 298 Ἴ
329 234 474 276 excursus
490 238 505 277 r.

71 347 109 388 est,
126 339 180 390 quod
196 351 341 388 saepenumero
353 341 444 379 hortatur
456 339 590 388 Christianos,
607 349 628 380 ut
637 319 760 398 lrucrlpsursog

71 415 146 455 auxilio
163 413 193 452 usi
212 410 283 456 καινὸν
304 411 415 470 impuro»
433 416 517 454 induant
535 416 620 467 (Ephes.
637 422 659 465 4,
676 421 709 456 23,
726 421 758 458 ³24,

72 494 83 530 2
100 489 147 529 Cor.
164 492 183 535 d,
201 491 233 526 17.
256 486 299 527 Coi.
317 491 336 536 3,
356 492 406 541 11).>,
422 495 443 528 nt
458 488 547 541 peccatis
563 494 680 531 renuntient
695 489 759 544 (cluo-

70 568 144 611 ἳανεῐν
162 563 189 621 τῇ
206 559 303 622 ἁμαρτίᾳ
318 562 377 602 Rom.
395 568 417 612 6,
434 568 451 604 2,
475 565 500 604 cf.
516 564 560 604 Col.
577 569 599 615 3,
617 569 659 619 5,),
678 574 699 606 ut
714 581 759 607 san-

71 641 133 679 ctitati
151 639 244 677 studeant
263 638 378 687 (ἐπιτελεῖν
398 634 513 697 ἁγιωσύνην
534 643 544 677 2
562 639 603 679 Cor
630 645 652 690 i,
674 643 715 692 1.),
739 649 760 681 ut

71 713 136 766 ἀξίως
151 714 191 769 τῆς
206 708 302 769 κλήσεως
317 713 385 750 vivant
400 713 459 764 (Eph.
472 718 491 762 4,
510 718 526 752 l.
548 713 627 754 escol.
641 709 722 768 1,’10.),
739 723 759 754 ui
780 706 783 712 s

72 802 131 828 omne
146 787 223 826 uirtutis
239 800 302 838 genus
317 793 417 826 sectentur
434 793 452 837 11
466 787 512 828 Oor.
526 793 544 837 6,
564 792 594 828 10,
614 790 688 841 Ephes.
700 795 719 838 4,
732 794 757 828 2‘2

71 879 114 917 sqq.
130 863 181 901 Phil.
193 865 213 909 2,
227 866 234 898 l
248 876 285 914 sqq
307 861 382 909 01113,
397 866 419 901 ti
446 868 454 901 1
466 863 537 902 Thess.
549 869 569 911 4,
584 868 592 901 1
604 878 648 916 sqq.
665 868 675 902 2
688 866 758 904 Thess.

72 943 91 988 3,
110 943 120 977 6
137 939 180 989 sq).
212 935 342 988 Quapropter
361 937 543 997 frustrayiuerunt,
560 939 576 977 si
593 940 625 990 qui
641 945 758 986 statuerunt,
818 928 820 931 Α

71 1028 144 1054 meram
165 1012 232 1056 πίστιν
251 1025 263 1049 a
278 1009 396 1050 Christianis
411 1013 520 1063 postulari,
540 1015 645 1064 virtutique
661 1027 702 1052 non
717 1028 757 1052 ma-

70 1102 130 1142 gnam
152 1099 196 1126 esse
215 1086 266 1123 vim:
288 1091 342 1125 tutus
361 1088 412 1125 enim
433 1093 464 1126 est
480 1087 503 1125 Ρ.
523 1088 543 1125 in
563 1088 672 1127 honestatis
692 1089 757 1127 studio

70 1162 242 1208 commendand03
259 1175 295 1199 uec
310 1160 339 1199 illi
356 1170 402 1200 sunt
417 1163 520 1210 audiendi,
537 1163 571 1214 qui
581 1163 681 1202 ‹lacobum
693 1163 756 1201 Paulo

70 1238 172 1278 adversari
196 1237 273 1282 dicunt,
298 1232 318 1274 ut
340 1237 398 1274 docte
420 1243 439 1275 ct
457 1237 565 1284 subtiliter,
589 1238 756 1289 quemadmodum

69 1314 130 1360 solet,
157 1311 300 1350 demonstravit
322 1311 352 1348 vir
374 1311 394 1348 in
417 1312 465 1365 hoc·
479 1312 580 1350 literarum
603 1325 676 1364 genere
699 1312 757 1350 facile.

70 1390 166 1440 princeps
181 1385 310 1435 Knappius
327 1384 417 1435 (Scriptt,
431 1385 458 1434 Π,
473 1400 492 1437 p.
510 1390 549 1424 411
566 1388 625 1438 sqq).

71 1444 74 1447 Δ
128 1464 145 1501 5,
175 1460 267 1498 Vidimus
279 1473 305 1497 ex
320 1460 360 1507 his,
377 1473 426 1510 quae
442 1474 503 1511 supra
519 1462 619 1511 disputata
634 1467 689 1509 sunt,
705 1460 756 1500 Pau-

69 1539 110 1576 lum
133 1537 157 1574 de
175 1535 219 1586 lege
238 1520 328 1573 mosaica
347 1546 387 1572 non
407 1524 514 1573 admudum
534 1536 646 1574 honorifice
665 1536 757 1575 statuisse

69 1612 104 1662 (cf.
124 1611 140 1661 ξ
158 1611 191 1661 3).
221 1608 244 1646 In
266 1621 308 1646 eam
332 1622 380 1647 vero
403 1610 519 1648 sententiam
540 1610 641 1660 quomodo
662 1611 756 1660 delapsus

69 1687 139 1731 fuerit,
155 1683 268 1733 nuperrime
277 1683 484 1735 Voigtlaenderus
500 1685 527 1734 (v.
538 1697 600 1734 supra
610 1686 684 1736 pate.)
699 1698 757 1736 prae-

70 1765 129 1800 eunte
144 1758 320 1798 Schulthessic
338 1759 455 1810 (Analecten
472 1773 488 1796 v.
501 1758 557 1797 Keil
574 1773 593 1796 u.
609 1758 758 1798 Tzschirner

68 1835 100 1882 11,
118 1848 137 1886 p.
157 1834 195 1871 134
211 1835 264 1883 sqq.)
285 1833 331 1870 inde
350 1833 453 1883 explicare
471 1834 545 1880 uoluit,
568 1834 622 1884 quod
644 1834 756 1872 uniuersam

68 1909 193 1960 disciplinam
209 1907 317 1945 mosaicam
336 1920 347 1944 a
363 1906 426 1945 Paulo
445 1909 469 1945 ad
489 1908 571 1958 angelos
590 1914 684 1959 tanquam
704 1921 757 1948 cruc-

69 1991 121 2025 iares
141 1982 211 2021 referri
231 1989 337 2032 appareret
346 1982 374 2033 ⁵⁵)
411 1981 488 2020 Locum
507 1983 625 2033 primarium
644 1983 755 2033 deprehenf

68 2060 120 2098 disse
136 2059 173 2098 sibi
190 2057 268 2097 ridetur
284 2056 346 2095 Hehr.
359 2060 378 2104 2,
395 2061 412 2095 5.
423 2056 461 2109 ⁵⁵):
476 2058 504 2096 ihi
520 2058 572 2096 euim
589 2070 639 2108 quae
654 2056 757 2108 leguntur:

115 2254 143 2296 55)
156 2253 212 2295 „Wer
224 2252 256 2285 mit
269 2252 302 2284 den
315 2252 380 2295 paulin.
391 2251 460 2285 Brieieu
473 2253 511 2285 eine
524 2253 573 2285 mehr
585 2254 610 2286 als
624 2251 757 2294 oterfldchlruhe

68 2310 208 2346 Bekanntschatt
221 2309 301 2352 gemacht
318 2310 356 2351 hat,
374 2310 404 2342 der
419 2311 464 2342 wird
479 2310 532 2342 leicht
548 2311 639 2353 einsehen,
658 2311 706 2343 nicht
719 2312 757 2343 eine

69 2370 198 2411 Abhandlnng,
211 2368 286 2401 scudem
296 2369 324 2400 ein
331 2367 380 2399 Buch
388 2368 448 2400 wdrde
457 2378 497 2399 man
510 2367 600 2401 schreiben
613 2369 692 2411 mdssen,
706 2379 756 2401 wenu

66 2439 106 2462 man
115 2427 149 2461 alle
158 2427 186 2459 die
193 2425 260 2459 Stellen
269 2426 368 2468 exegetisch
381 2425 483 2458 beleuchten
496 2426 565 2466 welhe,
578 2427 644 2459 welche
656 2437 690 2458 nur
702 2426 756 2459 durch

68 2487 96 2519 die
102 2487 245 2526 Voraussetzung
258 2494 302 2526 ganz
314 2482 433 2517 rerstandlich
445 2484 523 2524 werden,
537 2484 602 2517 Paulus
611 2484 655 2516 habe
665 2484 693 2516 die
699 2484 756 2525 Engel

67 2545 92 2577 als
104 2543 183 2577 Urheber
196 2541 241 2584 (und
253 2542 368 2584 Beschiitzer)
382 2543 413 2574 des
425 2542 539 2583 Mosaismus,
556 2542 618 2575 desum
630 2543 672 2574 aber
684 2542 710 2574 als
723 2541 756 2573 deu

66 2602 128 2644 Sieger
140 2601 242 2642 (Besieger)
256 2600 346 2631 derselben
359 2599 476 2632 betrachtet.“

114 2688 142 2729 56)
154 2686 259 2728 Namquod
271 2697 286 2719 r,
295 2688 310 2719 ·2.
324 2686 423 2726 contendit,
438 2682 462 2720 δι’
477 2680 555 2732 ἀγγέλων
568 2687 670 2719 uertendum
684 2695 722 2718 esse
735 2687 755 2720 ul)

67 2748 142 2790 (tripalli,
161 2750 232 2788 propter
247 2745 383 2788 oppositionem,
401 2754 445 2786 quae
461 2744 503 2776 insit
520 2745 537 2775 in
550 2739 580 2779 διὰ
593 2744 654 2789 κυρίου
667 2754 682 2776 r.
697 2744 722 2786 3.,
738 2744 757 2776 id
