1723 3054
71 225 98 267 m
246 220 413 263 urrorirro
429 190 583 264 eruemur.

75 328 148 367 1Tim.
163 332 180 375 1,
195 331 212 365 1·
228 323 297 370 ἀποστ
311 323 338 369 Ἴ.
351 328 389 382 hp.
400 322 446 379 κατ’
461 323 562 384 ἐπιταγὴν
578 329 640 378 aaa
659 331 697 370 Tit·
712 336 760 379 1,1.

74 404 148 452 δοῦλος
162 401 224 453 hrot,
241 398 315 445 ἀποστ.
327 398 409 458 δὲἸησ.
417 402 466 457 Xp.;
482 402 536 452 quod
547 415 595 442 vero
607 403 707 445 Christum
717 407 736 445 h.
747 407 760 444 l.

29 459 32 461 .
74 478 181 528 praeponit
196 476 255 525 Deo,
270 477 291 514 id
308 489 348 515 non
364 475 464 514 ridebit-ur
479 475 516 514 tibi
531 478 603 516 mirum
618 481 724 531 reputant-i,
740 481 762 519 in

38 545 45 549 ²
74 550 155 591 Christo
172 552 292 603 propiorem
307 549 462 601 (uumittelbar),
485 551 506 589 in
521 550 571 590 Deo
582 555 711 594 remotiorem
726 569 762 594 vo·
818 539 820 542 ι

75 627 160 667 cationis
175 632 241 678 apost.
257 638 336 664 causam
354 625 427 673 fuisse,
450 638 487 664 nee
505 626 564 665 istam
582 627 621 665 Dei
636 629 762 668 vocationem

75 700 139 739 Paulo
156 701 264 752 contigisse
280 700 319 738 nisi
333 713 370 750 per
381 698 487 738 Christum.
501 723 525 730 -
543 701 603 757 ἐγειρ.
621 717 640 745 α,
658 703 682 746 ἐκ
697 706 762 759 νεκρ]

76 798 101 804 -
115 781 174 830 cipite
187 777 217 816 ito
230 775 294 829 filiam
309 787 367 814 scithi
383 773 515 828 ecclesiaeque
529 776 675 818 irriderutcrcui-
691 778 762 819 dcclii-

75 850 136 889 roor't.
150 830 151 833 Ἴ
167 849 245 888 Etenim
264 850 284 886 in
303 848 367 887 reditu
387 848 436 887 Jesu
456 850 566 889 emortuis
584 851 763 891 luculentissimum

76 923 183 963 divinitatis
206 924 248 962 eius
272 924 412 962 documentum
434 923 532 967 contineri
551 931 605 963 recte
626 926 763 965 existimarunt

48 1030 56 1041 .
76 999 171 1049 Apostoli
187 999 212 1036 ad
227 1011 288 1037 unum
305 1010 375 1036 omnes
390 996 450 1037 Rom.
470 1001 487 1045 1,
504 1001 522 1035 4.
545 1002 565 1046 4,
583 1002 615 1037 24.
632 993 677 1039 Act.
694 1003 713 1050 5,
730 1004 763 1040 30.

77 1073 102 1109 al.
113 1072 131 1124 2)
147 1078 206 1124 atque
222 1074 268 1111 inde
284 1085 341 1111 suam
356 1072 429 1123 ubique
444 1060 588 1111 iustitutionem
604 1074 646 1112 orsi
660 1080 707 1113 suut
717 1077 762 1115 Act.

79 1150 96 1195 1,
109 1150 141 1184 22.
158 1151 178 1194 4,
191 1149 223 1185 33.
246 1145 293 1185 Sine
305 1143 422 1189 ἀναστάσει
433 1144 507 1184 Christi
516 1147 572 1185 nulla
583 1150 677 1198 ecclesia,
694 1150 761 1190 nullus

78 1221 209 1272 apostolatus.
218 1244 245 1250 ——
254 1221 279 1260 V.
289 1224 308 1258 2.
325 1218 414 1277 ἀδελφοί
424 1225 470 1260 sunt
479 1222 568 1260 muneris
583 1224 690 1273 apostolici
705 1227 763 1274 socii,

76 1294 211 1346 itinerumque
228 1296 311 1335 comites
329 1299 338 1333 1
356 1294 403 1334 Gor.
421 1299 439 1342 1,
457 1299 473 1332 1.
499 1294 574 1334 dCor.
593 1300 645 1345 1,1.
671 1299 763 1339 1Thess.

81 1373 98 1418 1,
118 1374 134 1408 1.
157 1370 209 1408 Phil.
225 1374 245 1417 4,
262 1373 294 1407 21.
311 1371 336 1408 cf.
352 1369 406 1407 infra
422 1373 441 1417 2,
459 1371 487 1417 3.;
509 1370 590 1408 adrem
605 1372 670 1422 ipsam
685 1386 705 1411 r.
720 1375 765 1413 Act.

63 1431 65 1434 ⁴
81 1448 113 1492 re,
131 1448 163 1484 aa.
180 1448 215 1492 so,
226 1448 246 1482 4.
277 1443 337 1492 Quod
352 1443 417 1494 simpl.
433 1443 502 1482 seriori
517 1449 562 1495 τοῖς
577 1446 634 1489 tuat.
649 1446 690 1504 τῆς
704 1450 764 1497 Fut..

79 1532 120 1557 non
136 1520 214 1558 adiecto
231 1519 319 1558 caritatis
337 1519 447 1557 honorisve
466 1519 565 1558 vocabulo
581 1520 615 1570 (ut
632 1520 653 1558 in
671 1522 765 1573 reliquar.

80 1593 182 1643 epistolar.
206 1594 320 1645 exordiis),
336 1583 383 1631 'hoc
404 1593 470 1643 ipsum
490 1593 572 1632 subirati
591 1595 652 1633 animi
670 1596 765 1636 indicium

78 1669 143 1707 visum
166 1673 196 1707 est
218 1668 304 1719 antiquis
326 1668 479 1718 interpretibus,
502 1680 539 1706 nec
561 1668 640 1707 iniuria.
660 1692 685 1700 —
705 1672 729 1710 V.
746 1658 770 1710 4J

80 1738 133 1784 δόντ,
151 1743 207 1784 §aue
228 1738 280 1797 ὑπὲρ
299 1744 344 1785 κτλ.
360 1743 373 1779 i.
390 1756 407 1780 e.
427 1735 461 1795 put
479 1746 549 1795 sponte
569 1742 689 1795 simpliciora
707 1747 728 1785 ih
746 1759 767 1787 se
833 1795 835 1798 Γ

79 1818 174 1871 suscepit,
193 1817 254 1856 rasorii
273 1828 315 1858 sese
334 1816 419 1857 tradidit
435 1828 479 1866 pro
493 1817 582 1869 percotis
597 1818 672 1859 uostris
687 1819 712 1857 cf.
729 1820 767 1858 Tit.

80 1894 102 1940 2,
124 1894 155 1929 14.
181 1895 190 1928 l
207 1891 270 1930 Maec.
288 1894 309 1939 6,
331 1894 364 1929 44.
383 1891 428 1929 add.
447 1890 509 1929 Dion.
530 1889 586 1930 Cass.
606 1893 643 1939 54,
664 1895 695 1931 13.
726 1893 767 1933 Pro

79 1961 143 2022 ὑπέρ,
164 1967 218 2017 quod
237 1979 269 2016 ap.
290 1964 393 2017 Ohrysost.
414 1966 472 2004 etiam
492 1970 512 2003 et
531 1963 635 2016 Oyrillum'
645 1967 727 2019 legitur,
746 1970 767 2008 in
815 1949 818 1953 .

79 2042 140 2089 bonis
154 2041 212 2079 libris
228 2038 356 2092 (ADEFG)
373 2045 392 2078 et
407 2053 439 2091 ap.
451 2038 531 2093 Origen.
547 2045 567 2080 et
577 2039 660 2080 Oecum.
676 2047 706 2081 est
720 2044 768 2101 περί
813 2088 819 2091 ,
856 2039 861 2046 “

81 2118 196 2167 (propter
208 2120 296 2170 peccota
310 2116 343 2167 a.)
359 2128 386 2154 cx
400 2115 501 2166 frequenti
516 2117 588 2154 horum
602 2116 768 2166 praeverbiorum
815 2124 818 2126 ’

79 2192 101 2229 in
124 2191 183 2229 codd.
205 2190 353 2240 permutatione
376 2190 407 2240 (v.
424 2191 546 2228 Matthiae
565 2191 590 2228 ad
608 2190 678 2241 Eurip.
702 2190 767 2232 Oresa

83 2267 153 2316 1303.)
176 2265 201 2303 cf.
219 2268 228 2302 1
245 2264 299 2303 Petr.
317 2265 339 2311 3,
357 2266 389 2302 18.
409 2263 465 2319 περὶ
481 2260 590 2320 ἁμαρτιῶν
606 2265 686 2314 tache,
706 2266 768 2306 Hebr.

80 2372 217 2380 ...μ----

128 2439 144 2479 2)
162 2436 226 2470 Nescio
242 2445 265 2468 an
282 2435 387 2469 Calvinus
404 2441 501 2480 argutetur.
524 2435 542 2469 Is
558 2436 614 2468 enim:
633 2436 769 2481 vilipendebant,

81 2496 146 2538 inquit,
155 2495 238 2536 Paulum,
251 2494 298 2536 quod
310 2504 345 2526 non
357 2495 420 2527 fuisset
432 2495 450 2526 iu
462 2495 513 2526 terris
526 2503 565 2525 eum
574 2492 615 2526 Chr.
627 2498 716 2535 versatum
730 2506 770 2528 con-

81 2558 109 2586 tra
121 2552 217 2594 significat,
234 2550 333 2594 Christum,
349 2553 401 2584 sicuti
416 2561 447 2595 per
459 2551 605 2584 resurrectionem
617 2551 724 2593 glorificatus
738 2557 770 2595 est,

81 2612 107 2644 ita
118 2620 159 2643 vere
172 2610 242 2641 demum
254 2610 341 2642 exeruisse
356 2611 453 2652 potentiam
470 2619 520 2642 susm
535 2609 554 2641 in
568 2606 645 2651 regenda
661 2609 702 2642 eccl⁴
727 2612 771 2653 Erro

81 2672 120 2710 irtus
132 2668 221 2710 dictitatis
233 2669 284 2702 trahet
295 2670 312 2701 P.
325 2668 401 2708 coertio,
414 2678 462 2711 uirum
470 2668 485 2700 si
495 2677 504 2700 u
514 2669 551 2701 Chr.
564 2668 618 2700 cithim
629 2667 698 2702 ciuitati
710 2668 772 2709 [trieres

83 2728 177 2762 ordinatus.
190 2745 212 2750 -
225 2725 261 2759 Sed
274 2726 370 2759 assentitur
382 2729 441 2759 tamen
454 2725 571 2759 Semlerus.
