1723 3054
103 189 105 191 ’
122 222 148 265 ie
323 222 543 268 rauracorum.
560 227 576 275 t.
590 229 607 267 a.

122 316 220 403 adeoque
246 353 267 389 et
287 347 348 402 ipsos
372 362 421 390 esso
443 348 525 391 liberos
540 351 564 403 ll,
580 350 679 393 21-31.
710 346 824 404 Quapro-'

121 432 170 487 pter
193 425 349 468 abstinendum
374 425 460 472 Galatis
484 443 532 471 esse
557 444 570 470 a
596 429 764 472 circumcisione
789 430 810 483 5,

123 507 132 550 1
146 507 200 550 -u
217 505 383 563 cavendumque
399 523 411 549 a
425 508 486 551 falsis
501 508 549 551 istis
565 508 703 565 doctoribus,
719 509 758 566 qui
768 509 812 551 sint

120 587 198 643 poenis
215 586 295 630 divinis
311 587 374 644 digni
389 590 414 643 5,
430 590 479 631 7-
490 589 522 633 12.
539 614 564 619 —
596 588 636 631 HI.
667 590 811 645 Libertatem,

122 682 166 722 qua
182 668 293 724 gaudeant
308 668 407 711 homines
424 668 551 724 christiani,
575 668 712 712 demonstrat
726 684 771 711 non
786 685 811 712 eo

121 747 204 802 valere,
230 754 254 789 ut
276 747 364 804 flagitiis
387 747 501 805 indulgere
523 748 589 792 liceat
609 752 632 804 5,
651 750 682 793 13.
720 747 812 793 sectan-
856 788 859 794 ί

122 827 175 869 dum
194 828 267 885 potius
291 843 339 871 esse
361 835 461 871 mutuum
484 845 580 872 amorem
598 845 729 886 omnemque
744 829 812 872 bone-

122 914 201 950 statem
223 909 248 962 5,
274 909 390 963 14—26.‚
417 909 554 951 clementiam
576 910 677 967 inprimis
701 914 723 952 et
745 909 812 951 bene-

93 1027 94 1030 ,
121 988 232 1031 ficentiam
251 989 275 1043 6,
298 989 388 1033 l-lO.
432 988 475 1032 His
495 989 621 1046 quicunque
640 989 751 1045 studeant,
775 1005 812 1032 eos
843 981 845 983 ’

122 1084 196 1111 carere
211 1083 276 1124 posse
293 1069 459 1112 circumcisione
475 1070 577 1125 omnique
593 1069 710 1126 disciplina
724 1069 813 1112 iudaica

122 1149 145 1203 6,
164 1149 285 1193 11—18s

179 1228 223 1270 Vel
238 1243 266 1270 ex
280 1227 324 1278 his,
340 1243 396 1283 quae
406 1228 512 1271 hactenus
523 1229 634 1285 persecuti
644 1244 728 1283 sumus,
743 1235 812 1285 patet,
825 1228 830 1233 ”

123 1314 206 1364 quanta
225 1307 356 1362 subtilitate,
379 1323 445 1363 quam
460 1308 566 1365 singulari
585 1308 683 1370 solertia,
709 1324 774 1364 quam
792 1324 813 1351 e-

124 1389 200 1446 gregio
216 1382 312 1444 denique
328 1386 404 1430 ordine
419 1387 443 1429 in
458 1388 500 1430 hac
516 1388 664 1445 disputatione
679 1403 733 1431 usus
748 1389 814 1431 fuerit
832 1395 837 1399 '

123 1468 247 1527 apostolus,
273 1483 383 1524 quamque
406 1468 571 1512 accommodate
586 1468 615 1511 ad
629 1468 761 1512 Iudaeorum
780 1469 813 1512 in-

124 1532 189 1607 genia
213 1549 235 1591 h.
259 1564 277 1591 e.
305 1564 371 1604 quam
396 1549 514 1592 efficaciter
540 1550 640 1606 exposita
664 1550 708 1592 sint
733 1550 813 1592 omnia.

124 1629 188 1673 Nihil
206 1629 271 1672 facile
287 1628 397 1672 addiderit
416 1629 535 1687 quispiam,
561 1629 622 1686 quod
637 1637 814 1686 argumentorum

126 1709 278 1753 incredibilem
292 1710 337 1752 uim
352 1715 441 1766 augeat,
464 1709 520 1751 nihil
535 1709 649 1763 demserit,
675 1710 735 1765 quod
750 1711 814 1753 absc-

125 1807 179 1833 num
201 1795 239 1832 aut
262 1789 345 1843 debile,
371 1789 426 1831 nihil
447 1789 567 1844 traiecerit,
593 1789 653 1845 quod
672 1790 743 1832 alieno
765 1790 814 1833 loco

124 1872 221 1928 positum
235 1869 342 1912 videatur.
386 1869 449 1912 Bene
468 1869 541 1912 omnia
561 1870 685 1927 composita
705 1870 815 1913 absoluta-

124 1967 169 2007 que
185 1963 246 2004 sunt,
263 1949 406 2005 aequabiliter
420 1949 500 2004 fluunt,
521 1949 601 2004 ethis,
618 1950 656 2005 qui
671 1949 756 2006 legant,
781 1966 815 1993 as-

63 2078 65 2083 ,
123 2045 215 2073 sensum
230 2044 300 2086 paene
316 2035 452 2084 extorquent.
491 2026 558 2081 Quod
581 2029 600 2071 si
623 2029 744 2085 quaeritur,
767 2035 816 2072 utra

123 2108 280 2167 anteponenda
299 2109 337 2163 sit,
363 2108 418 2151 haec
437 2108 466 2150 ad
485 2107 576 2151 Galatas
596 2123 624 2150 an
639 2109 677 2150 illa
692 2108 720 2151 ad
735 2109 816 2152 Roma·
837 2157 841 2159 μ

124 2206 166 2233 nos
189 2190 272 2246 scripta
294 2188 387 2245 epistola
409 2191 487 2243 (quam
508 2194 594 2230 constat
612 2188 635 2230 in
656 2187 733 2231 eodem
752 2204 816 2246 argu-

126 2280 199 2313 mento
214 2268 319 2324 uersari),
346 2267 448 2324 equidem
463 2273 551 2311 nostrae
568 2268 716 2326 principatum
732 2269 816 2313 deferre

126 2349 186 2393 haud
202 2349 357 2402 dubitaverim3
381 2364 508 2406 quanquam
527 2349 585 2393 enim
603 2356 695 2406 utraque
710 2350 817 2394 hunclo-

127 2447 187 2486 cum,
211 2430 249 2486 qui
272 2437 305 2472 est
327 2430 354 2473 de
374 2431 430 2488 legis
453 2431 563 2474 mosaicae
588 2430 658 2473 fracta
680 2431 816 2488 auctoritate,

128 2511 237 2556 subtiliter
251 2516 331 2553 tractat
345 2516 410 2567 atque
425 2512 467 2567 ita,
483 2518 508 2555 ut
519 2527 569 2554 eum
579 2510 698 2568 perfecisse
708 2510 817 2560 videatur:

122 2586 203 2637 nostra
222 2578 296 2634 tamen
318 2591 399 2633 maiore
420 2591 502 2648 gaudet
516 2592 623 2635 brevitate
639 2597 660 2634 et
676 2591 764 2635 conciso
780 2592 818 2635 ad-

128 2673 218 2716 modum
241 2670 330 2714 dicendi
355 2686 435 2727 genere
457 2671 529 2728 (uude
551 2671 611 2714 haud
634 2671 714 2728 exigua
736 2673 818 2730 passim
