1723 3054
256 229 357 271 tunsio
374 229 485 269 LATINA.
500 257 502 259 -
517 229 575 269 OAP.
586 230 621 268 IV.
756 229 783 273 35

93 340 127 371 aut
149 335 264 384 respuistis,
287 336 323 373 sed
347 340 368 373 ut
390 334 481 385 angelum
505 334 544 372 Dei
565 334 673 385 excepistis
696 347 738 381 me,
761 341 783 371 ut

94 406 194 446 Christum
214 408 290 446 desum.
325 408 382 457 Quae
401 408 438 446 fuit
456 414 497 446 tum
521 409 677 459 congratulatiol
702 408 783 455 Testor,

93 495 141 528 vos,
163 482 181 520 si
196 482 239 519 fieri
257 489 336 532 posset,
358 483 429 521 oculos
448 482 528 520 evulsos
547 483 595 520 mihi
614 476 696 522 daturos
714 483 782 522 fuisse.

94 556 150 593 Itane
165 556 258 595 inimicus
274 558 332 596 vobis
347 556 413 595 fautus
428 568 471 595 sum
491 568 539 594 vera
558 556 656 594 dicendo?
687 557 784 596 Ambiunt

92 642 129 668 ros
145 643 186 667 non
201 631 285 669 honeste
301 633 336 670 sed
357 631 464 670 excludere
485 630 511 680 (u
526 632 567 681 rue)
588 630 670 678 volunt,
688 635 709 668 ut
727 631 796 681 ipsos.

87 704 190 743 ambiatis.
220 705 332 744 Honestum
357 711 387 744 est
409 705 480 743 ambiri
503 705 524 741 in
547 717 569 742 re
591 705 676 751 honesta
698 717 783 755 semper,

93 791 133 817 nou
153 779 217 817 solum
237 793 268 817 me
287 786 403 829 praesente,
427 793 439 816 o
459 778 495 816 filii
514 779 563 826 mei,
583 791 634 829 quos
648 779 722 823 iterum
737 788 783 829 par-

92 853 157 901 turio,
180 856 245 891 donee
265 852 355 892 Christus
374 856 394 892 in
407 854 472 897 ,vobis
491 854 550 908 quinti
569 854 674 892 formetur.
704 853 783 891 Vellem

93 927 201 979 iamapud
218 940 254 966 vos
270 919 325 985 esse,
342 941 451 979 vocemque
466 941 530 966 meam
541 928 630 975 variare,
647 928 719 965 etenim
734 941 784 978 quo-

83 990 155 1039 'modo
175 1014 212 1040 vos
228 1007 311 1041 tractem
328 1003 404 1040 dubito,
434 1002 500 1040 Dicite
519 1002 578 1049 mihi,
597 1003 630 1052 qui
645 1002 685 1053 legi
701 1002 784 1041 subesse

95 1076 177 1126 cupitis,
195 1076 260 1127 legem
276 1090 317 1115 non
332 1076 417 1115 auditis?
447 1074 547 1126 Scriptum
563 1076 626 1124 enim,
646 1077 784 1114 Abrahamum

94 1150 145 1189 duos
160 1150 213 1189 filios
232 1151 336 1199 babuisse,
355 1164 417 1189 unum
433 1164 444 1189 e
459 1164 528 1198 serva,
548 1163 574 1188 ex
589 1151 677 1202 ingenua
691 1151 782 1197 alterum,

94 1225 128 1262 sed
147 1224 223 1273 illum,
238 1230 271 1276 qui
290 1238 316 1263 ex
331 1238 401 1273 serva,
420 1226 546 1276 progenitum
563 1237 607 1263 esse
622 1226 732 1263 secundum
747 1238 783 1262 na-

94 1303 169 1346 turam,
185 1300 238 1337 huno
254 1304 329 1347 autem,
346 1300 379 1350 qui
395 1312 406 1337 e
420 1299 495 1346 libera,
510 1298 531 1336 ui
546 1298 695 1348 promissionis.
726 1296 784 1346 Quae

94 1373 174 1423 quidem
189 1373 326 1412 sublimiorem
342 1374 395 1412 hunc
410 1385 490 1412 sensum
505 1373 585 1411 habent.
610 1372 658 1411 Duo
674 1378 720 1412 suut
734 1373 784 1411 istae

94 1446 186 1494 foedera,
210 1461 272 1485 unum
290 1445 408 1486 Siuaitioum
429 1447 479 1485 illud
499 1460 569 1486 servos
587 1460 709 1497 procreans,
731 1448 784 1498 'quae

97 1527 126 1560 est
148 1520 228 1573 Hagar,
251 1521 321 1573 Hagar
341 1521 393 1559 euim
412 1519 461 1576 Sina
478 1534 537 1559 mons
556 1527 586 1560 est
602 1522 624 1559 in
643 1520 729 1569 Arabia,
752 1535 784 1559 re-

95 1586 198 1646 spondens
221 1595 380 1646 Hierosolymis,
404 1596 470 1646 qualia
493 1608 547 1633 nuno
565 1580 624 1645 ‚sunt3
648 1597 710 1635 servit
732 1596 786 1634 eninr

94 1683 135 1709 una
151 1656 199 1709 'oum
217 1671 293 1722 liberis.
324 1670 468 1722 Hierosolyma
482 1676 548 1709 autem
563 1683 636 1721 supera
651 1672 715 1709 libera
730 1676 783 1725 sunt,

95 1758 146 1796 quae
162 1752 192 1784 est
206 1751 268 1783 mater
284 1743 375 1783 uostrirm
391 1745 512 1797 (omnium).
543 1743 644 1796 Scriptum
663 1746 724 1783 enirn:
743 1733 784 1783 lae-

94 1820 232 1859 taresterilis
254 1820 358 1870 prolisque
380 1832 464 1869 expers3
489 1833 559 1870 rumpe
573 1827 655 1858 'uocem
681 1820 783 1870 iubilaque

94 1894 152 1941 tolle,
178 1907 229 1944 quae
251 1906 293 1931 non
314 1894 375 1931 enixa
398 1907 429 1941 es,
452 1906 498 1931 narn
520 1894 589 1944 plures
612 1900 670 1932 erunt
693 1895 784 1932 desertae

95 1981 153 2020 quam
177 1969 229 2016 eius,
247 1981 302 2019 ¹quae
324 1969 417 2006 maritum
440 1968 502 2019 (sibi)
521 1969 591 2016 habet,
610 1969 652 2006 lilii.
686 1967 731 2007 Nos
750 1982 784 2007 au-

94 2048 146 2091 tem,
162 2043 270 2091 carissimi,
285 2043 351 2082 Isaaoi
366 2043 460 2093 exemplo
476 2043 512 2081 filii
527 2056 595 2082 sumus
611 2043 713 2094 promissi.
744 2042 784 2082 Sed

95 2118 261 2169 quemadmodum
280 2123 337 2166 tunc,
361 2118 394 2169 qui
413 2118 523 2157 secuudum
542 2124 633 2157 naturam
652 2112 711 2157 natus
734 2123 783 2166 erat,

94 2193 175 2231 vexavit
198 2206 252 2240 eum,
276 2193 310 2243 qui
328 2193 349 2231 vi
370 2193 447 2231 divina:
469 2193 497 2231 ita
514 2206 567 2232 nunc
587 2206 673 2244 quoque.
708 2192 784 2231 Verum

95 2267 143 2317 quid
157 2267 230 2317 legitur
246 2268 266 2304 in
281 2267 338 2305 libris
352 2268 497 2306 sacrisl‘eiice
507 2281 585 2307 servam
597 2281 641 2306 cum
651 2267 703 2315 lili03
720 2280 784 2318 neque

82 2333 148 2380 'enim
162 2342 220 2380 heres
235 2341 273 2379 erit
287 2353 358 2380 servae
372 2342 425 2380 filius
441 2355 481 2379 una
496 2355 540 2380 cum
555 2342 597 2380 filio
615 2342 697 2381 liberae.
720 2342 783 2393 Ergo,

77 2446 80 2448 .
96 2416 201 2465 carissimi,
217 2429 259 2455 nou
274 2428 342 2455 sumus
357 2429 428 2455 servae
442 2416 478 2454 filii
494 2418 529 2455 sed
544 2417 627 2456 liberae.
