1723 3054
326 198 543 290 ornum-u
622 203 624 207 ’
677 265 683 269 ,
738 231 778 275 113

86 340 171 388 retibus,
182 340 234 391 iugis
246 347 281 377 etc.
294 347 352 391 capta
362 341 468 390 vinclaque
479 344 571 380 tenentur
581 338 666 389 (Herod.
678 341 697 385 2,
712 340 777 388 121.);

75 415 154 466 itaque
173 416 221 453 satis
241 416 414 453 accommodatum
431 422 461 452 est
481 415 505 451 ad
522 428 538 452 v.
556 410 624 468 ζύγου,
655 412 695 451 Sed
709 413 777 464 graeci

87 490 146 527 ctiam
162 489 272 539 scriptores
287 491 361 540 passim
377 489 500 527 transferunt
515 489 599 537 (omissa
608 488 650 539 iugi
665 488 775 539 mentione)

87 548 209 602 ad'animos
228 565 341 611 hominum,
364 564 397 614 qui
422 576 463 600 non
479 570 524 600 sunt
543 563 574 601 sui
594 562 671 600 arbitrii
690 563 725 600 sed
745 563 777 600 vel

88 638 228 688 cupidita-tibus
245 638 352 690 (Plutarch.
369 639 393 676 de
409 651 453 676 sera
464 651 517 675 num.
529 638 582 676 vind.
593 651 613 687 p.
626 639 672 674 544.
696 637 775 675 Arricn.
814 676 817 679 ,

62 725 66 731 ·
87 711 152 763 Epict.
170 715 188 760 3,
205 716 238 753 22.
258 727 277 763 p.
294 714 354 764 468.)
373 712 405 750 vel
424 712 501 762 legibus
517 709 641 767 (ἐνέχεοῗΐιαι
659 706 716 768 νόμῳ
735 710 776 748 Dio

88 784 143 825 O'a'ss.
160 789 194 834 53,
213 790 251 836 16.)
268 789 362 826 serviunt.
387 786 435 826 Sim.
448 786 517 841 ἔνοχον
534 782 586 828 εἶναι
603 785 700 834 δουλείας
713 784 776 826 chr.

89 863 108 909 2,
128 865 158 903 15,
176 863 209 900 ubi
225 875 242 900 v.
255 861 372 901 Valckcn.
394 861 427 899 'Do
444 857 473 917 μή
491 874 507 898 ο,
524 861 571 911 imp.
584 873 654 913 praes.
671 873 688 898 v.
705 858 777 898 Gram-

88 943 134 975 mat.
150 935 175 976 N.
192 936 215 974 T.
231 950 250 986 p.
267 939 315 973 444.

147 1010 169 1047 V.
180 1012 197 1048 2.
214 1011 246 1052 ἰδέ
253 1011 333 1061 scripsit
341 1011 367 1047 a'd
375 1011 495 1048 excitandos
505 1011 591 1057 animos,
602 1023 648 1047 narn
659 1022 719 1060 grave
730 1010 778 1060 quid

90 1066 177 1123 dicturus
193 1091 228 1123 est.
258 1085 373 1135 interponit
388 1098 454 1132 suam,
471 1083 539 1130 Pauli,
555 1085 706 1131 auctoritatem,
727 1096 778 1135 quae

89 1172 130 1197 norr
145 1160 211 1209 potuit
225 1160 279 1210 apud
295 1157 339 1198 Gal.
356 1173 398 1197 non
413 1159 496 1197 multum
511 1159 578 1197 valere
594 1157 640 1197 Gal.
652 1163 671 1206 4,
685 1162 716 1196 16.
735 1158 777 1213 Epo

92 1233 173 1279 Paulus,
182 1234 216 1284 qui
227 1235 290 1284 probo
300 1235 399 1282 noverim,
409 1234 457 1285 quid
467 1234 493 1273 sit
503 1230 635 1291 ὠφελεῖοῗαι
646 1234 672 1276 ἐν.
681 1233 776 1289 Χριστοῦ.

75 1306 146 1346 ‘Bene
161 1308 284 1359 Theophyl.:
305 1304 344 1364 τὴν
359 1308 396 1350 τοῦ
417 1308 495 1350 οἰκείου
515 1303 626 1363 προςὶᾶποι)
645 1304 778 1359 ἀξιοπιστίαν

90 1378 137 1424 ἀντὶ
158 1380 231 1439 πάσης
254 1379 385 1433 ἀποδείξεως
406 1383 497 1439 τίῖιηοιν.
513 1406 540 1411 -
559 1384 632 1437 Χριστ.
655 1377 713 1437 ὑμᾶς
735 1379 776 1425 οὐδ.

90 1453 152 1511 (Spu).
164 1469 235 1495 caussa
244 1457 264 1493 in
275 1463 356 1506 promtu
367 1457 390 1495 cf.
400 1463 419 1502 ἰι
432 1461 460 1504 4.;
476 1457 518 1495 scil.
535 1457 660 1497 circumcisio
675 1456 725 1507 legis
741 1464 777 1504 est,

89 1530 124 1568 lex
139 1536 204 1568 auteur
220 1537 241 1569 ot
262 1527 324 1586 χάρις
344 1544 384 1569 non
403 1538 488 1581 possunt
507 1531 546 1569 unt
565 1531 590 1568 ad
611 1530 695 1569 salutem
711 1531 777 1569 valere

90 1603 149 1642 Rom.
168 1608 203 1652 11,
224 1608 242 1643 6.
258 1605 304 1648 coll.
325 1608 347 1652 6,
369 1610 393 1642 14
413 1619 442 1656 sq.
471 1605 527 1643 Bene
545 1606 655 1643 sententiae
675 1606 714 1643 vim
732 1619 779 1655 per-

91 1680 159 1730 spexit
177 1677 418 1732 chrysostomusffl).
449 1679 523 1718 Leuius
542 1686 609 1718 tamen
628 1681 652 1718 de
671 1681 740 1718 eadem
756 1693 778 1718 rc

91 1754 153 1792 sensit
168 1753 223 1792 Paul.
239 1756 282 1792 Act.
302 1757 336 1802 16,
353 1756 371 1791 3.
395 1755 418 1792 cf.
438 1759 446 1792 1
464 1752 510 1794 Cor.
528 1757 549 1801 9,
566 1757 592 1791 20
608 1768 662 1805 sqq.;
680 1754 714 1795 ibi,
727 1756 779 1793 enim

91 1825 194 1884 περιτομή
210 1841 243 1867 res
258 1829 382 1867 indifferens·
392 1830 434 1867 visa
444 1842 485 1867 non
497 1829 567 1868 salutis
577 1829 635 1875 fons,
649 1829 674 1869 cf.
686 1827 778 1870 Calvin.

90 1903 149 1941 adh.
165 1903 177 1941 l.
194 1926 221 1931 —
240 1903 264 1941 V.
282 1904 299 1942 3.
322 1905 390 1943 Testor·
407 1904 608 1946 culcur'cleuuocet.
632 1903 655 1944 δέ
670 1916 712 1940 non
727 1904 780 1942 valet

91 1990 129 2028 pro
145 1974 195 2034 γάρ,
218 1979 239 2015 in
259 1991 298 2029 quo
319 1990 387 2016 errore
406 1977 463 2016 multi
477 1978 569 2026 fuerunt,
593 1978 629 2016 sed
648 1978 779 2028 praemittitur

92 2052 167 2100 verbis,
191 2053 262 2103 quibus
285 2058 369 2090 mentem
389 2066 445 2091 suam
465 2053 576 2091 accuratius
599 2052 734 2102 explicaturus
756 2051 778 2091 P.

92 2134 131 2166 est:
153 2128 192 2165 hoc
213 2133 279 2169 autem
295 2128 342 2165 mihi
360 2127 414 2165 uolo.
446 2124 581 2183 μαρτύρομαι
600 2127 701 2177 aliquanto
720 2140 779 2178 gran-

93 2202 211 2252 diusquanr
227 2203 291 2256 λέγω
307 2215 348 2239 non
365 2197 482 2240 sententiam
497 2201 594 2252 proponit
610 2200 724 2239 meditando
735 2214 748 2239 a
758 2214 779 2240 se
824 2219 827 2223 ⁴

92 2282 190 2327 repertam
206 2277 242 2314 sed
258 2277 390 2316 testimouium
406 2289 418 2313 a
434 2277 502 2314 divina
516 2272 653 2330 ἀποκαλύψει
671 2279 779 2323 l,12.16.

92 2350 211 2402 profectum.
242 2346 304 2393 πάλιν)
324 2364 365 2388 non
383 2350 433 2401 sign.
450 2331 531 2398 corruo,
550 2357 571 2387 ut
585 2349 691 2400 Koppio
705 2350 781 2401 placuit

94 2427 121 2479 (ct
136 2425 255 2464 Fritzsch.
271 2427 296 2463 ad
312 2426 380 2464 Matth.
396 2439 415 2476 p.
435 2428 472 2463 166
489 2429 542 2476 sup),
558 2425 594 2463 sed
609 2426 683 2473 clerruo,
699 2425 781 2480 lterum

92 2514 119 2540 sc.
136 2484 176 2539 lroc
194 2502 260 2551 ipsum
275 2501 314 2538 iarn
334 2501 390 2551 prius
405 2506 488 2539 testatus
503 2499 568 2537 fuerat
587 2512 667 2547 coram,
684 2500 708 2538 cf.
728 2504 745 2547 1,
762 2503 780 2538 9.

138 2621 167 2661 40)
181 2620 267 2654 Galim:
280 2622 298 2653 in
310 2620 439 2652 iustificationis
452 2620 523 2661 negotio
537 2625 584 2651 storo
597 2620 648 2652 simul
660 2630 696 2651 nou
708 2623 782 2661 possunt

82 2679 135 2711 ‘fides
148 2683 166 2709 et
177 2677 243 2721 opera,
258 2673 277 2711 n.
290 2678 383 2711 iustificari
399 2687 419 2709 ex
434 2677 469 2709 fide
484 2677 504 2708 in
517 2677 557 2711 Chr.
571 2683 588 2710 ct
604 2677 657 2710 iustif.
670 2676 783 2718 exoperibus
817 2716 821 2721 st

91 2736 135 2778 legis
147 2736 206 2778 posito
219 2746 254 2768 uno
267 2746 337 2769 necesse
352 2740 380 2768 cst
392 2735 466 2768 alterurn
479 2735 523 2769 tolli.

635 2795 645 2830 6
