1723 3054
122 229 162 273 166
367 227 511 267 EXOURSUS
527 228 563 266 Ill.

123 339 142 372 et
161 333 289 387 caumello»
309 332 363 370 dedit
381 332 425 383 ipse
444 332 509 379 Deus;
532 332 597 383 itaque
616 332 665 384 legis
684 344 724 368 non
744 331 811 368 minor

122 409 159 447 fuit
174 408 294 454 auctoritas,
314 420 372 458 quam
391 407 542 457 promissionis3
566 407 619 457 quod
634 408 654 444 in
670 406 713 457 lege
728 405 811 443 ferenda

123 483 198 538 μεσίτῃ
216 474 262 520 usus
278 482 343 519 fuerat
357 481 424 528 Deus,
443 481 464 518 id
483 494 523 518 non
540 481 605 531 potnit
619 481 670 532 legis
686 480 725 519 vim
741 480 810 518 infrin-

122 571 170 608 gere
186 563 220 594 aut
235 556 344 595 debilitare.

180 642 285 694 Pergimus
307 642 332 679 ad
356 640 381 680 G.
404 640 423 679 J.
442 641 466 679 L.
485 640 615 681 Reussium
638 642 675 692 (ap
706 641 811 682 Grot'dorf.

123 731 187 768 prope
203 715 282 755 Gissanr
298 715 374 767 Pam),
394 716 427 767 qui
444 717 468 754 de
483 716 529 754 loco
546 721 616 755 nostro
632 718 702 767 paucis
718 718 812 768 exposuit

122 793 143 830 in
159 792 310 830 Animadverss.
326 791 351 828 ad
367 791 413 828 looa
428 790 480 830 sacri
498 790 541 829 cod.
558 791 672 829 difficiliora
687 791 731 830 Gal.
745 795 767 839 3,
778 795 811 830 20.

126 865 193 905 lCor.
208 869 239 913 15,
252 869 285 903 29.
304 865 351 903 doh.
365 869 384 913 4,
397 868 430 904 22.
447 863 519 904 Gissae
538 867 596 903 1817.
616 865 680 917 4⁴³²).
711 864 812 915 „Censem

122 940 196 992 inquit,
212 945 259 991 post
275 936 320 989 ἑνός
335 940 469 991 supplendum
484 952 528 979 esse
543 953 553 978 e
569 953 587 977 v.
607 943 636 977 tc.
653 942 776 996 σπέρματος
791 948 810 980 et

123 1011 214 1072 Χριστός
236 1015 284 1053 ibid.
307 1015 394 1064 positum
414 1027 457 1053 esse
476 1014 580 1053 collective
598 1028 636 1065 pro
657 1013 776 1062 Christianis
795 1029 811 1055 s.

123 1090 241 1141 posteritate
265 1089 379 1127 christiana.
414 1088 458 1127 Hac
477 1089 640 1139 interpretatione
660 1090 748 1129 admissa
767 1104 811 1129 sen-

123 1179 157 1205 sus
176 1166 204 1203 ita
223 1165 366 1214 exprimendus
386 1164 432 1201 erit:
455 1163 494 1202 Hic
513 1177 560 1202 vero
577 1164 676 1203 mediator
691 1165 771 1215 (Moses
787 1166 811 1203 cl.

123 1255 141 1278 v.
152 1242 204 1291 ‘'19.)
220 1252 260 1277 non
276 1247 305 1277 est
321 1239 418 1277 mediator
435 1239 492 1277 unius
509 1238 574 1287 (unice
592 1252 650 1277 verae
665 1238 726 1289 itlius)
742 1245 812 1290 poste-

124 1315 188 1354 ritatis
199 1313 318 1361 Abrahami,
335 1311 494 1351 Christianorum
510 1326 587 1364 nempe
614 1313 670 1351 Deus
684 1313 762 1364 itaque,
778 1315 812 1353 ab·

124 1390 190 1428 dicato
209 1389 320 1427 mediatore
339 1387 386 1425 olim
405 1401 417 1425 a
431 1400 453 1426 se
472 1388 516 1438 ipso
537 1389 656 1436 constituto,
679 1388 739 1427 aliurn
758 1402 812 1428 nunc

99 1491 101 1493 -
123 1465 251 1503 mediatorem
275 1462 312 1502 sibi
335 1462 404 1513 elegit;
425 1462 445 1499 id
469 1463 524 1512 quod
547 1465 571 1502 ab
592 1463 750 1502 immutabilitate
769 1464 812 1504 eins

124 1539 205 1577 omnino
222 1538 332 1577 abhorrere
348 1537 431 1575 viderur.
461 1537 536 1575 Verum
557 1537 684 1584 enimvero,
703 1540 813 1589 respondet

123 1614 158 1661 R,
182 1621 201 1651 et
223 1614 273 1651 haec
296 1612 382 1650 obiectio
406 1611 479 1650 nullius
502 1619 533 1651 est
554 1612 660 1651 momenti:
682 1612 738 1652 Deus
760 1614 825 1652 enim

124 1694 190 1727 manet
207 1687 344 1734 immutabilis,
363 1693 402 1725 stat
420 1687 535 1737 promissis,
555 1700 668 1738 quanquam
686 1688 711 1725 ad
728 1688 813 1727 consilia

125 1750 162 1802 sua
176 1762 300 1813 perficienda
319 1775 359 1799 non
374 1775 454 1812 semper
471 1775 510 1800 uno
526 1763 637 1812 eodemque
653 1762 761 1810 mediatore
776 1763 813 1801 uti-

123 1842 175 1877 tur.⁴‘
206 1835 245 1875 Sed
264 1836 323 1875 facile
342 1836 426 1888 quisque
445 1837 547 1888 intelligit:
572 1839 592 1886 1)
612 1837 650 1875 hoc
669 1837 686 1876 si
704 1836 726 1875 P.
746 1838 813 1877 dicere

122 1913 190 1959 vellet,
215 1911 340 1951 scribendum
360 1911 422 1950 fnisse
442 1912 478 1954 τοῦ
495 1907 541 1962 ἐνὸς
557 1911 671 1962 (cattorp
687 1934 712 1941 —-
731 1914 752 1963 2)
766 1926 812 1952 voc.

125 1984 170 2037 ἑνὸς
181 1988 279 2025 diversam
290 1986 349 2026 tribui
361 1986 538 2037 significationem
556 2009 580 2014 -—
599 1987 618 2037 3)
635 1987 682 2026 satis
698 1986 812 2037 impeditam

124 2076 167 2102 esse
187 2062 313 2102 sententiam:
333 2062 395 2100 multa
413 2061 464 2099 enim
484 2062 590 2113 cogitando
611 2061 670 2101 adiici
688 2061 771 2109 debent,
793 2069 813 2100 ut

125 2143 204 2177 constet
218 2136 290 2187 aliquis
306 2137 412 2175 verborum
428 2149 498 2175 nexus.

180 2229 216 2267 Vir
235 2230 315 2279 quidam
334 2228 407 2267 doctus
426 2227 448 2266 Ο,
467 2227 489 2266 F.
508 2228 530 2266 B.
552 2227 682 2279 (BdhmeP)
704 2229 724 2266 in
747 2242 811 2267 neuen

123 2304 182 2342 theol.
198 2302 335 2341 Nachriehten
355 2306 413 2341 1818.
429 2317 448 2354 p.
463 2306 501 2342 183
513 2317 556 2355 sqq.
572 2304 625 2341 inter
640 2303 705 2341 locum
722 2310 812 2343 nostrum

123 2385 142 2417 et
157 2379 229 2426 aliurn,
249 2379 282 2429 qui
302 2383 331 2417 est
349 2378 374 2416 ad
390 2378 452 2418 Hebr.
469 2381 488 2426 3,
505 2381 533 2425 4.,
553 2379 702 2436 contentionem
718 2378 811 2426 instituit,

124 2454 218 2505 illiusque
233 2466 314 2492 sensum
329 2454 383 2492 huno
398 2466 442 2492 esse
458 2452 516 2493 dicit:
532 2453 588 2502 „Ein
604 2453 679 2492 Mittler
694 2454 743 2492 aber
758 2466 812 2493 mnss

168 2672 197 2714 22)
210 2672 286 2705 Easdem
299 2672 369 2715 repetiit
381 2672 399 2704 in
409 2670 502 2714 Ephemer.
514 2675 581 2713 exeget.
594 2670 735 2705 theolFascss.
748 2671 812 2714 (Giess.

121 2736 172 2768 1824.
186 2736 208 2776 8.)
221 2746 237 2778 p.
251 2735 273 2767 72
286 2745 311 2777 sq.
