1723 3054
277 189 497 260 rnonnoounun.
513 221 530 271 q.
542 224 560 259 4.
736 220 762 272 21

72 345 193 403 permansit
208 351 240 402 et,
257 360 384 403 quanquam
398 345 493 403 plurima
508 361 520 389 e
535 345 695 404 Chrysostomo
711 344 765 389 hau-

73 426 113 480 sit,
133 426 244 469 'brevitate
266 432 341 469 tamen
363 441 414 469 enm
436 432 458 468 et
481 425 576 481 quodam
595 426 658 482 quasi
677 425 765 470 delectu

71 505 137 560 vicit,
162 505 270 548 nonnulla
292 507 368 561 etiam,
394 520 451 561 quae
474 510 526 547 sunt
540 505 611 548 bonae
628 505 710 562 frugis,
737 505 765 548 de

73 601 113 629 suo
128 569 229 640 >addidit3
254 603 321 645 quare
339 587 483 631 Ernestius
502 586 529 629 ab
550 586 596 630 eius
610 585 705 630 lectione
723 587 764 630 ini-

71 667 126 709 tium
135 668 194 724 ·fieri
213 668 293 712 debere
309 668 397 726 egregie
412 650 566 723 iudicaram).
590 666 681 723 Reliqui
696 668 765 710 eoele-

52 774 55 776 -
73 747 118 789 siae
133 763 225 804 graecae
240 755 324 805 patres⁷
340 749 379 804 qui
395 748 499 804 epistolas
509 747 614 790 Paulina-s
630 752 765 800 enarrarunt,

72 832 97 870 ut
127 825 307 873 Oeeumenius
338 830 392 887 (seo.
416 829 459 886 10.)
490 833 512 872 et
545 826 765 886 Theophylaotus

74 909 128 971 (sec.
146 910 201 966 lt),
219 908 373 967 Chrysostomi
387 911 481 967 vestigia
495 915 634 966 presserunt,
655 919 676 973 et
692 908 764 967 σειρὰς

73 988 191 1044 compilare
220 1005 286 1045 quam
311 1005 351 1032 suo
376 989 458 1032 iudicio
482 989 516 1031 uti
539 989 663 1031 maluerunt
674 989 712 1044 46).
738 1014 765 1020 —
843 1029 845 1031 ,

73 1066 155 1125 Latina
170 1069 263 1114 ecclesia
277 1085 323 1113 non
332 1069 409 1134 habet,
426 1069 464 1127 qui
475 1067 634 1127 Chrysostomo
645 1074 683 1112 aut
693 1068 765 1113 Theo·

73 1149 150 1193 doreto
178 1152 316 1209 aequiparari
344 1151 436 1209 possint.
488 1150 673 1208 Hieronymus
698 1151 765 1206 enim,

73 1230 112 1285 qui
136 1231 210 1287 aliqua
233 1230 277 1274 hoo
302 1232 325 1274 in
349 1246 430 1287 genere
456 1229 521 1273 laude
547 1230 621 1284 floret,
648 1236 669 1273 et
693 1244 765 1287 pauca

116 1443 152 1491 45)
174 1442 224 1480 Eius
246 1447 373 1480 commentar.
396 1441 415 1479 in
439 1441 496 1491 epist,
517 1441 543 1478 ad
566 1440 612 1480 Gal.
628 1454 646 1478 v.
662 1438 716 1491 Opp.
732 1441 764 1478 ed.

74 1515 139 1552 Lutet.
154 1514 218 1560 Raris.
234 1515 293 1555 Tom.
308 1515 345 1552 HI.
360 1528 380 1564 p.
397 1517 474 1552 262-
486 1517 533 1552 289.
549 1516 579 1552 cd.
595 1513 685 1553 Simond.
700 1514 738 1552 ΠΙ.
748 1513 765 1551 Ι.

73 1601 118 1641 pag.
136 1591 146 1627 1
162 1602 205 1642 sqq.
226 1589 256 1628 etl.
276 1587 385 1630 Schulze
404 1588 462 1630 Tom.
477 1588 502 1628 V.
517 1602 538 1640 p.
555 1590 594 1628 358
607 1590 695 1628 -397,
731 1586 765 1627 De

74 1665 120 1716 ipso
143 1665 274 1704 Theodoreto
297 1667 322 1706 ci.
345 1666 429 1704 Morus
448 1665 462 1705 l.
478 1678 494 1703 c.
515 1678 536 1715 p.
553 1667 594 1702 244
610 1677 639 1715 sq.
669 1663 765 1703 Roseu-

75 1737 164 1777 miiller
182 1740 195 1779 l.
212 1753 230 1780 c.
251 1739 286 1779 IV.
305 1753 325 1790 p.
345 1742 370 1778 35
390 1752 433 1790 sqq.
471 1737 603 1777 Schriickh
621 1722 668 1778 KG.
687 1738 765 1776 XVIH.

73 1827 93 1864 p.
110 1815 150 1852 398
167 1826 210 1865 sqq.
250 1811 333 1853 Simon
351 1813 397 1853 hist.
413 1814 448 1853 des
467 1813 552 1865 princip.
569 1817 676 1852 comment.
691 1826 711 1864 p.
724 1815 764 1851 314

75 1901 105 1939 sq.
134 1888 154 1928 J.
169 1888 192 1927 F.
208 1887 244 1928 Ch.
264 1888 367 1928 Richter
390 1889 541 1936 deyTheodor.
564 1889 666 1939 epistolar.
688 1888 765 1939 paulin.

74 1965 188 2014 interprete.
218 1963 273 2013 Lips.
293 1960 352 2001 1822,
373 1964 391 2000 8.

118 2084 154 2135 46)
170 2081 289 2124 Oeeumenii
314 2084 348 2135 (de
364 2097 404 2136 quo
420 2098 438 2123 v,
454 2084 539 2124 Morus
554 2097 573 2136 p.
591 2086 639 2124 247.
666 2082 765 2124 Rosen-

74 2156 165 2198 miiller
180 2159 215 2200 IV.
233 2173 253 2210 p.
271 2161 311 2198 263
327 2173 370 2212 sqq.
407 2158 490 2199 Simon
504 2159 550 2213 lc.
569 2173 588 2211 p.
605 2161 644 2197 457
661 2171 691 2210 sq.
721 2159 766 2197 Fa·

73 2234 171 2273 bricius
190 2234 242 2272 Bibl.
263 2247 329 2285 graec.
346 2234 402 2292 VIH.
420 2237 460 2272 694
476 2236 529 2285 sqq.)
549 2230 660 2290 ἐξηγήσεις
674 2232 766 2276 παλαιαὶ

73 2307 128 2359 typis
149 2309 262 2358 exscriptae
284 2314 331 2346 sunt
352 2320 364 2344 a
379 2308 498 2346 Morellio
514 2307 559 2345 Par.
579 2308 637 2345 1630.
655 2310 665 2345 2
682 2307 736 2347 Voll.
752 2307 766 2346 f.

75 2383 121 2422 Huc
136 2388 213 2434 spectat
228 2383 274 2422 Vol.
294 2387 310 2421 l.
325 2396 344 2434 p.
362 2385 402 2422 719
414 2407 438 2412 -
450 2386 497 2421 769.
520 2381 561 2431 —J
579 2383 766 2435 Theophylacti

75 2454 176 2514 ἑρμήνεια
190 2458 263 2510 legitur
278 2459 299 2496 in
315 2459 339 2496 ei.
356 2456 409 2508 Opp.
425 2459 455 2496 ed.
478 2457 498 2495 J.
514 2457 536 2496 F.
552 2458 576 2497 Β.
592 2459 618 2496 M.
635 2459 659 2496 de
674 2454 779 2498 Rubeisx

74 2533 133 2572 Tom.
148 2533 175 2572 H.
198 2533 250 2572 Vide
265 2533 290 2571 de
305 2533 344 2572 hoe
359 2533 467 2583 interprete
482 2539 529 2583 post
543 2530 684 2572 Fabricium
698 2533 765 2584 (Tom.

35 2611 40 2618 ”
73 2607 118 2647 VII.
134 2622 154 2659 p.
171 2611 211 2647 582
228 2610 280 2660 sqq.)
296 2609 348 2660 inpr.
364 2607 457 2648 Morum
471 2609 484 2648 i.
501 2622 518 2648 c.
534 2622 554 2660 p.
572 2607 765 2660 2458680561]-

73 2679 161 2722 miiller
176 2684 247 2735 IV.=p.
266 2686 306 2723 286
322 2697 365 2736 sqq.
435 2734 439 2738 ⁸
