1723 3054
89 252 118 296 30
251 249 351 290 vuasto
367 249 480 290 userius.
497 227 556 290 one.
567 252 582 290 1.
591 252 618 290 u.

90 358 115 396 ab
131 356 211 395 homine
226 355 295 405 accepi
309 355 365 393 illam
382 362 416 394 aut
431 357 501 404 didici,
517 356 552 395 sed
568 370 603 407 per
615 354 688 395 Christi
698 339 777 394 institu-

90 433 164 470 tionem
176 429 306 481 singularcm;
321 432 425 471 audivistis
436 431 488 469 enim
500 431 578 482 qualem
590 445 621 470 me
632 432 680 470 olim
686 431 777 470 Judaeus

90 505 195 557 gesserim,
212 518 270 556 quam
287 506 359 557 cupide
374 507 479 545 ecclesiam
493 505 531 543 Dei
546 512 662 563 persecutns
678 506 748 545 fuerim
759 512 778 544 et

90 584 150 635 qrtost
172 579 320 631 populaverim.
353 581 428 620 Multos
450 588 491 620 tum
511 580 605 632 aequales
622 581 644 619 in
660 587 718 633 gente
733 595 778 620 mea

89 656 168 707 ardenti
191 655 309 706 disciplinae
329 656 422 706 judaieae
448 656 514 695 studio
540 656 645 706 superavi,
670 657 778 696 acerrimus

91 731 166 782 quippe
183 730 312 768 traditionum
327 731 437 781 patriarum
452 738 596 782 propugnator.
622 731 649 768 At
664 743 710 769 cum
725 731 777 779 Deo,
803 776 806 780 Ἴ

90 807 124 856 qui
139 806 229 844 arnatris
244 806 291 843 inde
306 811 363 844 utero
379 795 519 858 segregaverat
534 820 565 844 me
580 815 609 854 et,
625 819 676 857 quae
691 811 721 845 est
736 809 778 845 eius

90 880 211 931 benignitas,
234 889 344 919 vocaverat
359 882 394 930 (od
409 880 525 935 reliqieaern
541 881 674 922 christianam
689 882 778 922 treden—

90 954 155 1005 dum),
178 955 203 993 de
217 955 259 993 filio
275 967 312 994 suo
328 968 359 993 me
374 956 477 995 instituere
492 956 610 1006 placuisset,
634 961 654 994 ut
669 969 714 995 eum
730 968 779 1006 gen-

90 1031 142 1069 tibus
158 1031 285 1077 nunciarem,
300 1030 365 1078 illico,
384 1030 434 1069 nihil
450 1043 521 1069 curans
536 1031 624 1069 humana
638 1031 713 1079 studia,
730 1033 778 1081 (ue-

89 1106 142 1145 nture
157 1104 273 1144 narratam
289 1117 309 1144 tu
328 1105 432 1146 consutum
451 1105 546 1155 adhibito)
572 1118 613 1143 non
635 1104 780 1156 Hierosolyma

32 1210 35 1213 Α
89 1179 115 1216 ad
133 1179 248 1229 superiores
268 1178 374 1230 apostolos
395 1179 498 1230 profectus
517 1193 561 1218 sum
584 1179 621 1218 sed
642 1180 664 1218 in
684 1181 779 1219 Arabiam

90 1255 184 1302 discessi,
209 1256 295 1305 posthac
313 1267 362 1293 vero
382 1254 503 1294 Damascum
523 1255 600 1305 repetii.
625 1254 677 1293 Tum
692 1254 779 1294 triennio

90 1335 162 1368 exacto
178 1328 322 1381 Hierosolyma
338 1330 364 1367 ad
379 1330 482 1369 visendum
496 1329 577 1369 Petrum
593 1330 707 1381 profectus,
724 1332 780 1382 quiu-

90 1406 154 1444 decim
171 1418 214 1443 cum
231 1418 255 1442 eo
267 1405 309 1444 dies
320 1406 432 1452 consumsi,
448 1405 508 1444 alium
524 1418 572 1444 vero
584 1406 723 1456 apostolorum
739 1419 779 1445 uon

91 1481 143 1531 ridi,
168 1479 206 1518 nisi
221 1479 322 1517 ‹Jacobum
341 1480 422 1518 fratrem
442 1480 523 1520 domini.
554 1479 612 1529 Quae
627 1481 699 1532 scripsi
715 1482 780 1529 vobis,

92 1569 128 1605 per
143 1554 211 1593 Deum
226 1568 275 1592 vera
289 1559 346 1602 sunt,
362 1568 403 1593 non
418 1555 504 1594 mentior
518 1556 616 1606 equidem.
638 1555 718 1595 Deinde
732 1557 781 1595 fines

92 1628 163 1681 Syriae
179 1634 199 1667 et
214 1628 296 1668 Ciliciae
311 1630 360 1679 adii,
376 1628 494 1669 Christianis
510 1636 575 1669 autem
590 1631 611 1668 in
626 1630 706 1669 Judaea
720 1632 781 1670 coeti·

92 1706 130 1744 bus
141 1705 165 1743 de
176 1705 228 1744 facie
240 1711 300 1744 not-us
310 1718 351 1743 non
362 1718 426 1744 eram:
441 1705 559 1744 audiverant
569 1707 713 1755 tantummodo,
729 1720 780 1753 eum,

91 1780 125 1830 qni
141 1779 189 1817 olim
199 1780 255 1830 ipsos
265 1787 382 1831 persecutus
394 1785 455 1828 esset,
472 1792 524 1819 nunc
535 1780 644 1828 dotrinam,
661 1793 721 1831 quam
733 1781 781 1819 olim
800 1813 801 1816 ,

91 1860 198 1903 everteret,
213 1855 298 1903 tradere,
315 1859 374 1906 atque
389 1855 465 1894 ideirco
482 1855 622 1894 collauderuut
636 1854 707 1894 Deum.

386 2007 440 2066 Cap.
458 2007 487 2051 Π.

151 2138 232 2178 Deinde
254 2137 363 2177 interiectis
387 2137 543 2190 quattuor-decim
566 2139 624 2175 annis
645 2137 718 2175 iterum
735 2150 783 2189 pro-

92 2216 155 2254 fectus
177 2227 221 2253 sum
243 2212 387 2264 Hierosolyma
413 2227 457 2252 cum
479 2212 584 2259 Barnaba,
609 2218 698 2251 assumto
724 2213 783 2251 etiarn

92 2290 145 2328 Tito.
184 2289 289 2328 Profectus
309 2293 374 2327 autem
393 2301 437 2327 sum
456 2288 524 2326 divino
543 2288 621 2326 monitu
638 2287 702 2339 iisque
723 2288 783 2340 (Hic-

90 2365 249 2416 c'osolpmitom's]
266 2365 352 2415 exposui
363 2363 487 2412 doctrinam,
504 2376 564 2414 qnam
574 2363 626 2401 inter
637 2368 706 2414 gentes
716 2364 782 2411 trado,

95 2441 188 2490 privatim
207 2444 272 2477 autem
290 2440 424 2490 principibus,
447 2451 473 2477 ne
492 2439 566 2477 frustra
584 2450 685 2476 currerem
701 2442 736 2474 aut
751 2451 784 2476 eu-

93 2514 208 2553 currissem.
248 2511 289 2552 Sed
314 2526 379 2564 neque
404 2514 462 2553 Titus
488 2525 556 2551 comes
581 2524 646 2559 meus,
672 2524 784 2563 quanquam

95 2586 192 2639 (tratione)
210 2586 312 2635 Graecus,
336 2589 452 2627 circumcidi
467 2593 549 2627 coaetus
565 2593 604 2634 est,
623 2592 707 2637 propter
721 2587 784 2626 falsos

94 2671 159 2702 autem
175 2662 247 2701 fratres
263 2663 372 2713 irreptitios
395 2663 437 2713 (qui
453 2663 521 2702 furtim
536 2663 658 2712 irrepserant
672 2661 784 2701 libertatem
803 2667 805 2669 ’

95 2745 193 2786 nostram,
221 2751 281 2789 quam
303 2738 400 2776 habemus
423 2743 444 2775 ut
467 2736 586 2783 Christiani,
609 2736 742 2786 speculaturi,
765 2744 785 2774 ut
845 2733 848 2736 ’
