1723 3054
86 236 114 281 88
262 234 427 274 ANNOTATIO
442 235 596 276 PER-PETUA.

87 341 123 380 sed
139 340 202 378 obiter
217 338 336 389 interposita
351 345 398 378 sunt
418 340 475 390 quasi
493 340 514 377 in
531 339 658 389 parenthesi3
681 339 702 377 id
721 343 775 389 patet

88 429 113 454 ex
128 415 182 464 ipsa,
198 426 238 463 qua
253 413 363 452 sententiae
378 428 396 453 v.
415 399 510 452 itt-20.
525 413 577 463 inter
592 427 613 453 se
628 414 707 452 iunctae
722 418 774 461 suut,

87 489 177 536 ratione,
194 492 213 526 et
228 482 279 526 bene
294 489 386 539 procedit
402 489 478 536 orario,
495 488 616 546 verbis-illis
633 489 720 528 omissis:
735 475 776 529 edu

86 578 136 618 παρ.
152 579 170 618 χ.
189 562 265 618 sesan,
282 559 342 618 ἀχρὶς
357 554 379 605 od
396 563 451 619 ἔλὲἳῃ
465 559 489 605 τὸ
502 563 597 618 σπέρμα,
614 579 629 621 ῳ
642 559 775 619 ἐπήγγελται.

89 633 99 680 ὁ
116 629 150 679 οὖν
166 633 231 693 νόμος
246 633 305 679 κατὰ
317 652 335 679 τ.
348 637 422 692 ἐπαγγ.
434 652 452 679 τ.
463 636 528 688 ἳεεοῦς
546 635 640 685 Quonam
655 637 715 688 igitur
731 649 778 675 oon·

88 711 134 751 silio
152 711 271 761 interposita
291 710 350 749 sunt?
374 716 395 749 ut
412 709 447 759 R,
467 711 500 762 qui
518 712 585 751 verbis
602 710 644 753 τῶν
663 726 711 767 παρ.
731 706 778 766 χάρ-

90 787 156 843 ἐτέῖεη
179 786 229 836 legis
253 785 390 824 auctoritatem
414 786 559 837 aliquantulum
582 786 671 824 elevasse
696 786 778 836 eiusque

89 861 163 898 honori
182 860 293 914 detraxisse
310 860 421 907 videretur,
445 861 543 912 originem
563 860 605 899 eins
621 860 708 898 divinam
723 859 778 897 etin

90 939 149 987 gente
171 935 227 972 hebr.
248 934 288 973 rim
310 933 421 973 illustraret
443 940 462 972 et
485 935 550 973 denuo
574 934 676 974 stabiliret.
709 933 779 985 Itaque

91 1009 139 1047 dicit
152 1008 252 1059 hoczlex
267 1021 317 1047 mos.
334 1009 381 1047 data
395 1009 432 1063 fuit
444 1013 574 1058 peccatorum
585 1009 657 1060 gratia:
671 1012 780 1059 propterea

91 1096 140 1122 vero
163 1097 205 1122 non
228 1090 267 1131 est,
292 1084 345 1134 quod
366 1084 410 1133 quis
430 1096 473 1120 eam
491 1088 585 1132 tanquam
604 1084 643 1120 ista
662 1082 779 1140 ἐπαγγελίᾳ

90 1159 151 1209 longe
170 1157 286 1195 inferiorem
306 1161 428 1194 contemnat:
449 1157 495 1194 data
513 1157 564 1193 enim
584 1162 604 1202 et
620 1157 664 1207 ipsa
680 1163 709 1196 est
725 1169 778 1197 aut-

92 1232 173 1272 tort‘tctc
192 1232 262 1272 diuino
280 1231 346 1280 (ὃιατ.
371 1228 396 1273 δι’
415 1227 474 1285 o’qq.)
497 1231 590 1283 gentique
611 1231 718 1270 hebraicae
737 1236 781 1269 tan·

93 1318 152 1357 quam
168 1305 240 1356 agendi
258 1317 329 1343 norma
347 1304 453 1355 proposita
473 1305 493 1347 ἐν
512 1320 530 1359 χ.
550 1317 604 1359 μω,
624 1300 648 1355 ὃς
667 1301 705 1347 οὔκ
725 1305 780 1347 ἐστιν

93 1375 138 1429 ἑνός
148 1378 182 1430 ²⁷).
205 1378 318 1418 Haecloci
334 1378 445 1417 difficillimi
460 1374 607 1428 interpretatio,
624 1392 683 1430 quam
698 1379 781 1418 multum

92 1453 148 1492 abest
163 1458 185 1491 ut
200 1453 292 1503 equidem
307 1466 345 1502 pro
367 1453 424 1491 unice
444 1466 492 1491 vera
512 1453 615 1492 venditare
636 1454 723 1503 cupiam,
745 1453 781 1491 ali-

92 1541 152 1580 quam
174 1528 367 1566 commendationem
391 1527 483 1577 accipere
506 1527 584 1565 videtur
607 1534 626 1565 et
639 1541 657 1589 *a
675 1527 780 1575 facilitate,

94 1616 146 1653 quae
161 1607 192 1640 est
206 1595 323 1639 idonearum
334 1602 491 1651 explicationum
504 1602 614 1640 certissima
623 1607 682 1649 nota,
699 1606 717 1640 et
726 1601 781 1650 inde,
821 1589 824 1596 .

95 1678 149 1727 quod
169 1677 209 1723 sic,
228 1678 290 1715 verba
309 1677 393 1730 ὃιαταγ.
408 1691 426 1717 τ.
444 1672 491 1729 ἄγη.
507 1680 543 1713 etc.
559 1689 594 1714 cur
608 1676 641 1713 hic
655 1675 781 1726 potissimum

96 1751 175 1788 adiecta
189 1750 229 1789 sint
245 1755 264 1787 et
279 1762 374 1800 quorsum
389 1750 511 1800 pertineant.
527 1750 574 1788 satis
588 1755 649 1801 patet.

151 1825 175 1865 V.
193 1827 225 1863 21.
247 1823 302 1862 Dicit
316 1824 365 1862 hoc:
381 1824 399 1863 si
414 1829 434 1861 et
448 1823 556 1874 promissio
571 1824 607 1862 illa
622 1830 641 1863 et
655 1825 690 1863 lex
705 1838 753 1865 mos.
770 1840 782 1864 a

93 1900 139 1937 Deo
161 1898 252 1950 profecta
273 1905 313 1947 est,
336 1898 429 1947 efficitur,
453 1904 557 1949 utramque
579 1899 631 1937 inter
651 1913 673 1939 se
691 1913 782 1952 pugnare

94 1975 197 2025 legemque
213 1973 344 2023 promissioni
360 1974 480 2011 contrariam
496 1986 550 2022 esse,
568 1987 592 2013 ac
606 1974 700 2014 vicissim.
727 1973 782 2023 Quo-

141 2213 170 2254 27)
186 2215 229 2252 Hoc,
242 2213 289 2245 dicat
301 2213 373 2254 aliquis,
386 2213 428 2246 sutis
441 2215 528 2247 cotti-tutor
539 2214 585 2247 lutet·
598 2215 668 2247 triticeos
681 2216 703 2256 (v.
712 2215 785 2248 deke

95 2281 112 2312 p.
126 2271 168 2311 SD!
192 2269 252 2302 Recte.
278 2269 314 2303 Sed
331 2270 423 2303 videbatur
441 2270 522 2303 Paulus
541 2271 581 2303 hnic
599 2273 697 2304 sententiae
716 2278 784 2305 contra-

94 2327 166 2369 dixisse,
183 2329 220 2370 ejus
235 2328 289 2370 igitur
303 2327 336 2359 fuit
352 2327 454 2370 ostendere,
471 2339 490 2362 se
506 2329 663 2370 (quemadmodum
678 2340 738 2362 omnes
753 2330 784 2362 Ju-

97 2384 142 2426 daei)
155 2395 227 2427 prorsus
240 2386 316 2418 alienum
328 2395 366 2418 esse
378 2387 400 2418 ab
413 2385 498 2419 elevanda
509 2386 552 2428 legis
561 2397 604 2419 mos.
614 2386 706 2428 dignitate.
724 2387 784 2419 Enim-

96 2452 145 2483 vero,
161 2444 176 2475 si
191 2442 234 2474 haec
246 2452 282 2474 non
294 2442 327 2475 fuit
339 2442 373 2485 Ap.
385 2452 443 2485 mens,
460 2453 493 2485 quo
506 2443 578 2475 tandem
590 2443 662 2475 consilio
675 2438 728 2487 νόμον
742 2443 785 2476 dixit

96 2499 203 2542 διαταγέντα
216 2492 240 2534 δι’
255 2494 293 2545 ἇγγ.
308 2498 326 2535 ἐν
339 2499 384 2545 χειρὶ
397 2501 448 2545 pso?
466 2511 548 2543 quorsum
564 2501 597 2533 hae
613 2501 704 2532 verborum
718 2502 784 2543 ampul-

94 2556 133 2588 lae?
151 2558 201 2597 quasi
216 2557 234 2588 id
249 2549 313 2590 Judaei
329 2558 447 2600 ignorassent!
467 2563 544 2591 ceterum
560 2569 595 2591 non
613 2558 672 2599 video,
691 2568 721 2589 cur
734 2558 755 2593 δέ
766 2560 785 2591 in

95 2624 111 2645 v.
121 2614 149 2646 20,
162 2614 246 2655 principio
258 2626 293 2647 non
305 2616 361 2657 possit
373 2617 408 2648 rim
420 2617 550 2659 epexegeticam
562 2616 630 2648 habere.
652 2617 729 2650 ducissam
742 2627 783 2650 vero

96 2671 194 2704 additorum
207 2671 281 2703 istorum
292 2673 384 2705 verborum
397 2676 471 2715 quaeras
483 2684 551 2707 mecum
559 2674 578 2706 in
586 2683 633 2705 nom.
642 2673 723 2716 μεσίτου,
737 2675 783 2715 quod

96 2738 128 2761 sua
141 2735 202 2771 sponte
215 2728 289 2761 ducebat
301 2729 325 2760 ad'
336 2730 388 2763 istam
396 2732 506 2764 sententiam.
