1723 3054
278 236 337 276 CAP.
353 238 369 275 l.
385 251 404 276 v.
421 241 504 277 8-10.
722 237 751 281 45

60 354 106 379 num
118 319 230 390 assensum)
247 340 294 379 mihi
310 340 418 381 concitare
428 342 497 382 studeo
509 341 542 391 (of.
552 341 669 392 Xenoph.
685 342 750 381 Anah.

62 418 80 461 6,
95 419 112 463 1,
126 418 156 455 19.
174 418 193 462 7,
205 417 225 462 3,
238 417 255 454 7.
271 428 289 454 v.
305 415 414 466 Elmsley
428 415 454 453 ad
469 414 539 465 Eurip.
555 415 636 456 Heracl.
651 430 670 455 v,
688 419 749 456 1003.

59 488 144 527 Herm.
169 489 195 527 ad
217 486 278 540 Soph,
302 490 334 528 At.
353 503 371 530 v.
392 491 453 527 1105.
473 490 520 541 eet.)
544 503 571 529 ott
593 491 657 532 Deum
678 491 750 543 (Dei),

60 563 122 601 suche
137 563 294 617 ich‘Mensehen
311 564 360 602 oder
374 562 425 601 Gott
439 577 465 602 nu
480 564 600 614 gewinnen?
617 577 645 605 ott
660 565 749 607 ltomtnt-

61 638 97 678 bus
111 638 194 690 placere
209 639 266 693 cupio
283 639 362 692 (strebe
377 639 411 676 ich
426 638 526 686 hamach,
541 638 750 691 Menschen'getttllig

60 725 86 749 zu
101 712 174 763 seyni)
198 712 245 751 Hoc
261 713 308 751 dicit
323 711 358 752 P.:
372 712 394 750 in
408 712 443 759 iis,
460 695 510 763 quoe
525 725 575 770 ago,
590 726 632 751 uon
647 714 751 752 hominum

61 787 94 834 [ut
109 786 168 837 olim)
184 788 219 824 sed
234 786 274 824 Dei
289 799 384 826 assensus
399 786 449 839 mihi
464 800 523 825 curae
540 787 636 838 cordique
652 793 691 836 est,
706 788 756 844 lon-2

60 860 141 911 gissime
156 873 204 898 vero
221 861 321 899 abhorreo
337 862 362 900 ab
376 861 417 900 >ista
436 845 556 909 temeritate⁷
579 874 630 912 qnae
645 861 750 916 hominum

61 934 126 986 gratia
142 934 229 973 divinam
246 935 359 974 doctrinam
376 939 491 986 corrumpat
510 935 578 987 (aliter
593 935 646 974 enim
660 932 685 979 sb
702 933 749 992 ἀρέ-

61 1020 118 1051 σκειν
135 1005 257 1064 άνῇρώποις
270 1009 291 1047 in
307 1010 345 1047 hae
360 1012 413 1048 certe
429 1022 490 1048 causa
505 1001 547 1047 non
565 1014 633 1060 potest
651 1011 749 1062 cogitari).

61 1083 149 1122 Tantum
164 1085 231 1131 abest,
250 1092 272 1121 ut
286 1084 390 1122 hominum
405 1084 499 1135 gratiam,
515 1085 645 1134 depravanda
658 1085 750 1134 veritate,

62 1158 166 1196 ambitiose
177 1164 252 1206 secter,
267 1164 289 1196 ut
299 1158 349 1196 nihil
364 1158 445 1195 omnino
461 1158 565 1196 hominum
580 1159 672 1197 favorem
686 1160 750 1210 respi-

64 1226 154 1270 ciendum
170 1232 288 1271 existimem.
318 1233 410 1283 Apparet
426 1232 487 1283 igitur
506 1238 547 1270 tum
566 1233 615 1283 quid
629 1233 750 1273 discriminis

61 1307 87 1345 sit
103 1307 154 1344 inter
169 1300 227 1350 πεῶ.
243 1303 303 1362 tithp-
320 1311 339 1344 et
355 1302 427 1361 ἀρέσκ.
444 1301 574 1361 ἀνῇρῶποις,
589 1313 630 1345 tum
647 1320 681 1345 cur
696 1320 715 1346 v.
732 1310 751 1345 6.
795 1344 801 1352 ,

61 1381 81 1418 in
96 1381 157 1419 form.
173 1377 246 1436 ἀρέσκ.
262 1376 323 1436 ἀνῇρ.
338 1379 450 1430 paullulum
464 1380 559 1431 persistat
573 1381 601 1431 (v.
616 1383 687 1433 seqq).
713 1380 751 1420 Oe.

62 1464 126 1492 terum
148 1455 270 1505 tautologiae
293 1454 380 1504 speeies,
404 1467 455 1505 quae
474 1454 495 1491 in
514 1454 545 1493 his
563 1456 666 1493 sententiis
684 1456 750 1495 inesse

63 1530 179 1582 videbatur7
195 1529 258 1566 movit
273 1529 393 1578 interpretes
409 1528 540 1579 (antiquiores
552 1529 609 1576 dic03
625 1509 671 1566 nam
681 1542 751 1568 reeen-

63 1604 124 1642 tiores
140 1604 182 1641 fere
198 1604 293 1641 intactam
307 1601 433 1653 reliquerunt
446 1602 487 1640 loci
498 1602 656 1654 difficultatem),
671 1609 693 1641 ut
704 1617 752 1642 oon-

62 1685 114 1716 torte
130 1678 239 1716 admodum
254 1677 308 1715 istud
322 1677 405 1721 ttei‘sstett
416 1677 605 1727 interpretarentur.
629 1676 751 1717 Calvinus

63 1753 116 1791 enirn
138 1742 265 1808 antedubp·
289 1756 309 1789 et
329 1747 381 1795 ‘bedu
403 1751 573 1802 interponendum
596 1758 664 1790 censet
686 1749 751 1796 κατά.

62 1826 179 1866 Piscator
194 1840 243 1866 vero
258 1827 313 1864 hune
323 1839 402 1864 sensum
414 1838 458 1864 esse
469 1826 527 1864 dicit:
543 1824 612 1866 etrum
625 1827 681 1867 uobis
696 1840 753 1868 sue⁴

62 1902 109 1949 deo,
125 1905 147 1941 ot
163 1900 274 1941 horninibus
286 1900 388 1950 credetis,
406 1912 432 1939 ert
447 1900 539 1940 etheo?
555 1894 588 1951 (cl.
604 1901 649 1938 Aet.
666 1902 700 1948 28,
717 1903 750 1938 23.

62 1976 144 2021 tettan
159 1971 189 2018 τὰ
204 1972 252 2030 περὶ
266 1974 303 2016 τοῦ
316 1973 426 2028 tecente
442 1985 480 2012 nec
495 1974 521 2012 ab
536 1974 574 2012 hae
589 1974 687 2013 sententia
702 1975 751 2014 mul·
792 2004 796 2008 .

62 2059 103 2089 tum
119 2051 215 2089 abhorret
229 2047 370 2087 Gramerus:
393 2047 439 2087 sind
454 2061 474 2087 es
489 2047 569 2086 Lehren
584 2061 626 2087 von
641 2049 752 2088 Menschen
801 2084 803 2086 .

64 2126 113 2164 oder
128 2124 208 2163 Lehren
227 2136 268 2162 von
288 2121 347 2171 Gon,
370 2136 411 2161 von
427 2124 492 2161 denen
507 2123 538 2160 ioh
556 2123 587 2161 die
602 2123 711 2163 Mensehen
726 2138 752 2162 zu

63 2197 190 2250 iiberzeugen
206 2198 281 2237 suche?
291 2197 307 2248 ⁵)
324 2195 363 2237 Sed
375 2210 489 2248 quanquam
499 2197 574 2248 passim
586 2197 657 2235 dieitur
668 2197 749 2241 erlbac

62 2269 111 2316 τινά
125 2289 147 2315 τι
162 2272 224 2325 (Xen.
240 2272 295 2309 Hier.
315 2275 335 2318 1,
355 2272 408 2321 it),
432 2284 476 2309 cum
499 2271 574 2320 duplici
595 2276 661 2309 tamen
684 2285 750 2313 aecus¹

61 2360 117 2403 pers.
132 2347 199 2399 legere
215 2347 302 2384 menon
318 2345 409 2392 memini,
425 2357 461 2382 nec
476 2344 534 2382 istam
549 2345 646 2385 orationis
657 2346 750 2385 duritiem
765 2355 777 2382 ’,

63 2425 84 2462 in
99 2422 121 2461 P.
138 2421 234 2473 epistolas
248 2418 366 2459 invexerim.
389 2441 413 2448 -
433 2414 506 2474 ἧρεσκ.
520 2419 622 2472 placerem
642 2422 671 2471 (ut
686 2433 750 2472 nuper

110 2662 127 2704 b)
140 2663 183 2695 Tale
196 2662 238 2704 quid
249 2663 273 2705 in
284 2663 341 2693 mente
356 2659 438 2691 habuisse
450 2659 519 2692 videtur
535 2659 588 2692 etiam
600 2660 695 2703 Aethiops,
715 2670 751 2692 rer-

60 2727 111 2754 tons:
125 2721 174 2755 ettam
187 2729 231 2753 attint
243 2720 318 2753 tiomiues
327 2706 448 2758 profitebimur
460 2726 482 2750 tut
495 2717 557 2751 urtam?
