1723 3054
75 215 115 258 102
253 213 417 252 ANNOTATIO
434 214 587 253 PERPETUA.

75 320 105 378 τῷ
121 315 231 372 πνεύματι.
262 318 302 357 Pro
319 334 370 374 πειρ.
388 334 434 372 μου
450 319 471 356 in
486 319 588 357 nonnullis
603 319 669 365 libris,
686 324 707 355 nt
722 317 763 355 AB

75 392 152 441 DFG,
167 393 189 430 in
204 405 256 431 vers.
272 394 357 444 memph.
375 399 394 431 et
408 393 459 444 vulg.
477 390 549 443 legitur
565 389 622 448 ὑμῶν
639 394 706 443 (qnod
721 404 763 430 non

76 468 124 507 satis
146 467 278 519 probabiliter
297 468 385 518 explieat
403 467 552 517 Erasmusn-
563 468 584 505 in
604 468 648 507 aliis
668 467 726 506 codd.
745 472 765 504 et

77 555 126 581 vers.
144 540 188 593 Syn.
205 542 260 580 deest
273 555 366 593 pronom.
398 539 418 580 Si
438 543 485 592 quid
501 543 627 590 mutandum,
646 556 687 581 non
706 550 764 592 puta-

74 618 138 656 verim
155 629 199 654 enm
214 616 303 655 Laehm
323 621 342 654 et
356 617 455 668 Meyero
471 628 520 668 ego,
536 613 603 671 ὑμῶν,
619 622 713 668 tanquam
728 617 765 654 ini·

76 691 196 742 peditiorem
212 690 332 739 lectionem,
353 691 506 742 praeferendum
525 704 578 738 esse,
599 693 633 730 sed
654 691 764 730 censuerim

76 766 155 816 potius,
178 766 203 804 ab
225 771 290 815 apost.
310 765 386 803 nullum
409 766 507 804 adiectum
526 767 588 805 fnisse
602 779 721 817 pronomen.
737 788 765 794 —-

78 837 172 883 ἐνεπτύσ.
189 854 207 878 v.
223 839 311 890 Kypke
328 842 420 879 obsenvv.
436 853 455 890 p.
468 843 508 878 260
520 854 549 891 sq.
576 839 610 879 sie
625 840 690 878 Latini
706 840 765 878 etiam

76 915 185 968 respuendi
195 919 214 953 et
225 915 347 968 conspuendi
356 915 456 954 voeabula
467 915 544 963 dicunt,
557 923 577 953 nt
586 915 634 954 sinn:
649 916 765 968 repudiare,

78 989 186 1030 abhorrere
203 989 228 1029 nb
245 988 316 1043 celique
330 1002 363 1040 re,
381 990 404 1029 cf.
420 989 442 1028 le
453 990 541 1040 Moyne
558 990 604 1028 Ver.
621 1003 670 1028 seer.
687 1003 705 1039 p.
719 992 765 1027 669.

78 1061 125 1102 Sim.
149 1059 221 1106 neten
244 1060 292 1105 τινά
317 1061 411 1114 Sophoel.
435 1064 503 1116 Antig.
525 1067 570 1103 645.
595 1071 614 1102 et
634 1059 766 1106 neemiam

77 1134 136 1187 τινός
155 1151 185 1188 ep.
203 1138 297 1176 Aesehin.
317 1138 341 1175 de
360 1137 411 1176 falsa
429 1139 467 1190 leg.
484 1152 503 1190 p.
517 1141 562 1177 250.
579 1139 604 1177 ef.
620 1138 725 1177 Lobeek.
741 1137 767 1175 nd

78 1211 152 1263 Phryn.
173 1226 193 1262 p.
212 1214 243 1249 17.
264 1236 289 1240 -
309 1206 338 1261 ὣς
356 1208 428 1267 ἅγγελ.
446 1213 498 1256 {teob
512 1213 523 1251 i.
541 1226 557 1250 e.
576 1226 653 1251 summe
672 1226 716 1251 cum
735 1226 767 1252 re·

79 1287 169 1325 verentia
184 1292 203 1324 et
217 1287 290 1337 pietate
307 1289 317 1323 2
330 1284 383 1326 Sem.
397 1290 429 1334 12,
442 1290 474 1325 27.

136 1361 161 1398 V.
179 1364 210 1399 15.
229 1361 262 1411 τίς
278 1353 312 1404 οὖν
327 1353 352 1416 ἦν
368 1356 378 1403 ὃ
396 1377 446 1415 pen.
464 1357 498 1416 inp..
515 1374 567 1416 qil-cte
582 1362 644 1416 ipitet·
659 1362 698 1416 fnit
712 1362 768 1404 notis
831 1407 833 1409 ,

80 1436 181 1477 beatitatis
196 1437 278 1476 tentatie
290 1436 510 1487 (inetnittlimeteries),
526 1437 573 1487 qnid
590 1444 642 1483 erat,
658 1437 712 1488 quod
727 1442 768 1475 tum
837 1440 841 1442 ’

79 1523 157 1549 summo
173 1509 272 1548 felicitatis
288 1523 349 1549 sensu
367 1510 536 1560 perfunderemini
552 1524 577 1549 se.
594 1517 677 1561 prepter
696 1525 768 1558 meum,

80 1584 169 1623 doctoris
189 1584 301 1632 christiani,
320 1585 434 1623 adventum.
465 1583 505 1624 Sed
524 1585 557 1623 alii
576 1586 623 1624 libri
641 1586 695 1623 hauc]
713 1598 769 1635 sper·
826 1632 827 1635 Ἴ

80 1659 142 1698 nendi
157 1659 279 1698 assentiente
294 1659 348 1710 vulg.
364 1659 473 1710 interprete
492 1660 567 1699 habent
582 1660 622 1702 ποῦ
638 1651 672 1702 οὗν
689 1655 699 1701 ὅ
716 1675 767 1714 pnite.

81 1729 115 1788 ὑμ.
132 1734 144 1771 i.
160 1747 176 1771 e.
192 1733 228 1774 ubi
244 1738 273 1774 est
288 1734 336 1784 (qno
353 1733 409 1784 abiit)
424 1738 494 1775 vestre
508 1734 612 1786 fetieitetis
627 1734 771 1787 praedicatio?

81 1822 99 1845 v.
115 1806 215 1846 Calvin.
234 1831 263 1836 —
282 1804 331 1863 ὀφῇ.
352 1804 432 1863 ἐξορύξ.
451 1804 476 1851 ἂν
496 1805 556 1851 tete.
577 1823 618 1863 μοι.
649 1806 682 1847 Sie
702 1815 731 1847 est
749 1809 770 1847 in

81 1864 191 1934 pioverbio
206 1883 259 1933 apud
270 1881 361 1921 Graecos
372 1888 391 1921 et
400 1882 480 1920 Romen
498 1883 521 1921 ef.
534 1882 604 1921 Horat.
621 1881 661 1923 Sat.
674 1886 693 1930 2,
705 1885 724 1930 5,
737 1885 770 1922 35.

81 1957 161 1995 Terent.
178 1956 265 2006 Adelph.
283 1961 302 2004 4,
320 1960 339 2004 5,
356 1960 399 2004 67.;
423 1958 502 1998 eentum
523 1958 576 1996 enim
596 1957 663 1995 dieunt
681 1970 718 2008 pro
737 1971 770 2005 eo,
807 1957 809 1959 ’

82 2032 137 2082 qnod
153 2031 277 2070 carissimum
294 2037 323 2070 est
337 2032 414 2069 homini
430 2029 547 2070 Callimaeh.
564 2032 584 2069 in
600 2030 660 2069 Dian.
672 2035 718 2072 211,
736 2032 770 2080 (ef.

82 2105 142 2144 Prot.
154 2108 174 2153 i,
186 2108 204 2143 2.
220 2105 280 2144 nen.
294 2108 327 2154 ee,
341 2110 371 2144 ιο.
385 2092 447 2145 'ztan
460 2109 479 2153 2,
492 2107 518 2154 8.)
536 2103 622 2156 Oppian.
634 2105 679 2144 Hal.
695 2110 712 2152 ι,
724 2090 771 2145 103,

82 2181 158 2218 Moseh.
179 2180 229 2231 idyl]
251 2183 273 2227 2,
291 2184 309 2219 9.
328 2194 346 2218 v.
365 2180 509 2219 Broukhns.
529 2181 555 2218 ad
569 2173 643 2218 Tituli.
661 2183 682 2227 3,
700 2183 722 2228 6,
738 2183 771 2219 47.

84 2250 201 2310 ἐξορύσσειν
217 2260 283 2293 autem
298 2256 405 2305 proprium
419 2268 463 2293 voe.
480 2257 505 2293 de
521 2255 585 2294 oeulis
601 2254 719 2294 effodiendis
729 2254 771 2294 He·

82 2331 125 2368 rod.
144 2332 165 2376 6,
184 2333 229 2367 116.
253 2328 335 2368 Lueian.
352 2329 379 2367 D.
395 2330 451 2387 deor.
470 2333 491 2377 1,
509 2333 524 2368 1.
549 2329 622 2376 Aehilt.
637 2329 682 2368 Tat.
699 2333 721 2377 7,
740 2333 771 2368 14.

84 2410 110 2454 (p.
126 2406 170 2441 166.
182 2405 206 2442 ed
223 2403 342 2453 Jacobs).
362 2400 387 2446 tiit
404 2409 450 2442 ante
466 2400 526 2446 έὸώχ,
544 2405 636 2442 omittunt
651 2402 715 2442 AOD
731 2404 772 2452 alii,

84 2491 125 2516 non
141 2478 192 2516 male
208 2478 232 2516 ef.
249 2478 307 2518 simil.
323 2479 380 2517 locos
395 2478 429 2517 Jo.
449 2481 484 2525 15,
501 2452 595 2525 wem,
614 2482 645 2516 11.
670 2481 689 2525 9,
706 2480 731 2515 33
754 2492 771 2516 v.

49 2602 52 2613 ,
83 2552 156 2591 Herm
178 2553 204 2590 ad
219 2550 314 2604 Sophoel.
330 2552 403 2592 Electr.
420 2556 468 2591 902.
484 2559 504 2591 et
519 2554 544 2591 ad
559 2553 627 2604 Eurip.
644 2552 693 2591 Hee.
713 2555 771 2591 1087.

84 2627 129 2665 add.
146 2627 227 2666 Brenni
242 2627 292 2666 Exn.
311 2631 329 2666 4.
345 2628 371 2666 ad
386 2627 433 2679 Lys.
449 2641 469 2679 p.
481 2629 521 2666 439
533 2641 562 2679 sq.
579 2650 607 2658 —-
622 2627 647 2665 V.
665 2630 697 2665 16.
714 2627 772 2683 dp‘iep.

84 2702 143 2741 vobis
157 2703 234 2742 invisus
250 2702 310 2754 (Xen.
325 2700 400 2754 Cyrop.
417 2705 436 2751 5,
452 2706 471 2741 4.
489 2704 520 2741 35.
537 2702 615 2741 Aelian.
626 2702 650 2741 V.
661 2702 688 2740 H.
700 2704 719 2751 2,
732 2704 772 2754 23.)
