1723 3054
100 250 141 296 122
275 255 440 294 ANNOTATIU
457 257 610 299 PnaPnTun.

101 358 191 416 γούσης,
207 358 240 407 τίς
260 360 320 414 χρεία
336 348 413 415 repon,-
433 361 462 418 τῷ
482 357 523 416 γὰρ
545 362 630 406 otuoaa
650 362 790 419 iiuropi'tobuu

99 429 127 475 τὰ
154 434 217 487 μείζω
244 433 282 475 aar]
308 434 369 488 χρεία
396 435 543 489 παιδαγωγοῦ,
568 437 620 475 Add.
644 437 728 488 Pelag.
760 435 790 475 Cf.

102 511 109 544 1
128 507 178 546 Tim.
199 511 216 556 1,
233 512 250 545 2.

158 584 180 621 V.
202 587 230 621 12.
256 582 315 621 Ponit
331 585 408 636 aliquot
423 585 516 623 vitiorum
532 587 633 637 exempla3
658 587 790 638 nequeenim
821 569 823 572 Α

44 697 49 702 ,
101 666 163 697 totum
179 660 232 697 hunc
248 658 326 706 locum,
343 661 376 711 qui
391 660 431 697 late
447 665 513 710 patet,
529 661 595 700 voluit
610 662 709 713 persequi.
734 660 791 700 Simi-

101 734 137 772 lem
149 734 279 785 flagitiorum,
296 747 308 771 a
323 736 395 785 quibus
411 736 521 774 cavendum
538 742 568 774 est
583 737 791 776 tronunibuschrisn-

102 811 155 856 anis,
171 810 257 847 indicem
274 822 291 847 r.
307 808 365 847 Rom.
386 813 403 857 1,
420 813 444 848 22
457 824 500 861 sqq.
518 809 587 850 2001.
607 814 639 859 12,
657 814 682 848 20
694 824 723 862 sq.
739 811 791 862 pr.

100 887 119 930 5,
132 886 193 922 3--5,
209 883 303 922 Redeunt
318 891 393 933 auteur,
410 899 459 936 quae
471 886 503 923 bic
514 892 644 934 enarrantur,
661 887 685 924 ad
698 891 791 936 quattuor

100 959 225 1008 potissimum
241 972 323 1010 genera:
339 974 399 998 unum
417 960 569 1011 comprehendit
585 961 676 1002 libidines
693 976 747 1016 μοιχ,
763 984 791 989 -2

101 1030 183 1088 ἀσέλγ,
203 1034 287 1072 alterum
303 1036 453 1087 superstitiones
470 1035 536 1077 elbol-
554 1041 631 1091 puppa,
652 1035 731 1073 tertium
747 1048 790 1073 cer-

100 1109 153 1146 nitur
168 1109 187 1146 in
205 1109 363 1149 contentionibus
379 1115 398 1147 et
413 1110 522 1149 iniuricitiis
538 1109 596 1165 ἕχῇρ.
614 1133 640 1137 -
658 1105 712 1164 abu,
734 1122 792 1160 quar-

100 1188 139 1221 tum
162 1183 246 1233 denique
266 1183 353 1233 pertinet
372 1185 396 1221 ad
417 1184 588 1224 coururessuuoues
608 1184 669 1237 pe'b,
690 1184 745 1237 κῶμ.
765 1207 792 1227 -τ

101 1261 155 1313 peip.
172 1265 191 1295 et
208 1271 262 1312 πορν,
281 1259 388 1307 iunguntur
409 1259 467 1296 etiam
483 1258 533 1296 Hos
546 1260 565 1305 2,
578 1261 596 1295 2.
613 1259 646 1297 Mt.
661 1260 692 1305 15,
706 1261 737 1295 12.
754 1258 790 1297 ΜΓ.

101 1335 120 1379 2,
132 1335 164 1368 21.
181 1330 224 1370 Serl—
238 1347 292 1386 μοιχ.
309 1332 365 1370 deest
375 1333 408 1370 hie
417 1333 437 1370 in
449 1333 509 1370 bonis
519 1332 576 1370 libris
587 1332 717 1382 pluribusque
729 1345 792 1371 verss.

101 1406 199 1444 orientall⁴
224 1404 243 1443 Si
261 1419 273 1443 a
283 1405 306 1443 P.
318 1420 378 1444 manu
388 1407 511 1456 profectum,
527 1406 577 1456 sign.
589 1406 720 1452 adulterium,
736 1421 792 1461 eope.

102 1494 149 1519 vero
174 1481 314 1527 concubitum,
338 1482 372 1531 qui
387 1487 444 1518 extra
461 1480 540 1530 nuptias
559 1481 581 1517 fit
601 1485 619 1517 et
638 1481 692 1529 ipsas
713 1480 793 1530 nuptias

100 1555 214 1608 illegitimas
233 1569 250 1593 r.
271 1553 377 1594 Grotius
397 1556 422 1593 ad
440 1556 459 1593 h.
479 1555 492 1592 l.
511 1577 539 1582 —-
559 1551 626 1597 ἀχαῖῖ.
646 1567 791 1605 saepenumero

102 1631 138 1670 dic.
155 1632 179 1672 te
191 1631 269 1670 veneris
280 1630 378 1669 nefandae
391 1631 470 1682 flagitiis
482 1630 511 1681 (ut
522 1630 577 1668 hebr.
590 1628 638 1677 {¹1¹3}
649 1628 697 1667 Lev.
707 1632 741 1677 20,
751 1631 793 1681 21.)

102 1720 153 1745 max.
166 1707 190 1745 de
202 1712 270 1744 mutua
283 1706 367 1744 niarium
380 1706 559 1751 contaminatione,
570 1685 629 1742 Roui.
643 1709 659 1752 1,
672 1707 704 1741 21,
722 1706 732 1740 2
746 1702 793 1743 Cor.

106 1785 138 1830 12,
156 1785 188 1820 21.
213 1781 286 1831 Ephes.
303 1784 326 1828 t,
346 1784 375 1820 19,
394 1805 421 1809 -
443 1777 515 1835 quelq.
532 1777 617 1818 Graecis
633 1779 672 1827 est,
694 1785 713 1817 ut
729 1778 793 1831 Etym.

103 1858 128 1895 M.
145 1857 243 1907 explieat,
261 1851 374 1912 carate-,g
389 1852 441 1912 πρὸς
456 1855 527 1897 πᾶσαν
542 1849 619 1910 ἡδονήν
636 1857 661 1906 (ν.
673 1854 753 1892 Bromi
769 1856 794 1893 ad
811 1875 813 1878 ’

103 1932 207 1971 Demosth.
223 1945 242 1982 p.
257 1932 321 1983 itt),
336 1931 388 1981 inpr.
404 1931 466 1969 libido
482 1929 589 1977 effrenata,
605 1929 688 1968 lascivia
703 1943 794 1978 venerea,

104 2020 154 2059 qnae
170 2008 284 2046 continetur
300 2007 319 2043 in
335 2006 472 2052 sermonibus,
488 2005 578 2055 gestibus
590 2009 627 2042 cet.
643 2003 702 2042 Rom.
718 2007 749 2051 13,
764 2007 794 2043 13Δ

103 2087 114 2119 2
132 2082 179 2121 Cor.
200 2085 232 2128 12,
249 2083 282 2118 21.
306 2080 357 2130 Eph.
375 2083 394 2127 l,
413 2083 443 2117 12.
457 2103 482 2107 -
500 2079 567 2121 εἰδωλ.
584 2079 668 2130 proprio
685 2091 746 2117 sensu
763 2079 795 2117 ca-

103 2160 209 2210 piendum,
226 2161 247 2194 ut
267 2153 333 2192 lOor.
350 2159 380 2202 10,
400 2158 430 2191 14.
454 2154 550 2205 teng-nur
564 2159 630 2192 autem
647 2153 794 2203 superioribus,

104 2240 125 2272 ut
139 2239 193 2271 reete
210 2231 259 2268 vidit
269 2229 394 2279 Koppius,
410 2230 457 2280 quia
472 2229 556 2267 solenne
572 2235 615 2266 erat
626 2228 726 2266 Hebraeis
737 2228 795 2285 etiam
857 2257 859 2259 >

103 2309 203 2347 idolorum
220 2306 293 2344 cultum
306 2317 424 2355 omnemque
439 2317 451 2341 a
461 2303 506 2342 Deo
519 2303 665 2349 defectionem,
682 2316 795 2354 quanquam

105 2384 145 2422 alio
166 2394 237 2427 sensu,
259 2379 362 2429 appellare
382 2382 440 2431 Πηῃ
473 2379 623 2417 scortationem.
649 2378 743 2424 Accedit,
763 2390 795 2426 ap.

104 2459 187 2510 gentiles
204 2456 263 2493 etiam
279 2467 310 2492 res
326 2466 424 2492 venereas
435 2436 532 2492 :finitimas
552 2453 614 2492 luisse
630 2453 714 2490 deorum
730 2451 796 2489 cultui.

104 2556 132 2561 -
148 2547 213 2587 (pepp.
233 2535 299 2580 potest
315 2529 391 2579 duplici
407 2528 467 2566 modo
488 2527 596 2578 explicari,
621 2526 651 2564 vel
672 2531 710 2564 est:
732 2538 797 2566 bertc—

102 2611 169 2663 ficium
186 2605 270 2655 (Polyb.
288 2608 307 2651 u',
327 2605 356 2640 13.
372 2607 392 2653 t.
420 2606 455 2650 10,
473 2605 490 2640 3.
510 2605 549 2651 tq,
566 2603 624 2654 quot
636 2601 715 2653 quidem
731 2601 797 2639 scelus

103 2692 147 2724 tum
163 2681 251 2720 maxime
266 2678 377 2716 invaluerat
393 2676 483 2726 (Sueten.
500 2676 547 2715 Ner.
565 2680 597 2716 33.
610 2678 642 2714 31.
661 2678 693 2714 35.
709 2676 754 2714 Tib.
765 2678 797 2712 73.

104 2759 173 2802 Claud.
193 2761 208 2801 ,1,
225 2754 275 2793 Tac.
288 2754 341 2790 Anu.
361 2756 392 2800 12,
410 2756 441 2791 66.
457 2753 501 2791 Val.
514 2753 567 2790 Max.
585 2755 608 2795 2,
625 2755 645 2799 5,
663 2754 681 2789 3.
697 2750 749 2788 Pliu.
766 2764 797 2801 ep.
