1723 3054
309 260 451 312 cluunt
469 275 535 314 a-s.
563 255 566 264 '
724 268 764 314 131

76 376 120 415 Deo
136 377 248 428 reportabit
263 377 293 416 vel
314 379 404 429 praemia
422 377 453 416 vel
472 390 554 427 poenas.
584 377 675 416 Eandem
691 377 766 414 formu-

76 451 115 490 lam
139 465 157 489 v.
177 450 237 490 Prov.
255 455 291 501 22,
309 455 326 490 8.
349 454 432 492 Aristot.
455 452 537 490 Rhetor.
555 455 577 500 3,
595 455 613 492 3.
631 467 651 502 p.
670 455 714 490 171.
734 453 764 490 ed.

76 526 131 576 Lips.
156 522 193 576 (σὺ
217 525 239 568 δὲ
262 526 333 569 ταῦτα
353 527 444 582 αἰσχρῶς
463 525 500 581 μὲν
520 527 626 589 ἔσπειρας,
648 527 723 576 κακῶς
742 526 765 568 δὲ

77 601 190 656 disturbat)
205 601 299 652 Aeschyl.
315 600 365 639 Pers
384 604 430 639 322.
448 599 526 638 Gallim.
541 602 561 638 in
573 599 640 639 Gener.
656 603 686 647 13,
698 603 715 640 8.
732 601 765 639 ubi

77 676 103 713 of.
119 673 249 725 spanhem.
274 675 326 713 Add.
345 674 413 714 lGor.
431 678 449 723 9,
468 678 498 711 11.
516 672 584 712 tOor.
602 678 620 721 9,
638 678 655 712 d.
671 683 690 712 et
706 674 765 713 Lds-

77 763 128 787 ner.
145 750 170 787 ad
185 750 204 786 h.
220 749 233 786 l.
540 763 541 766 ¹

134 823 158 873 V·
172 826 189 860 S·
207 818 295 878 ὃσπείρ.
308 823 338 872 εἰς
348 838 367 864 τ.
379 818 450 877 σάρκα
459 822 480 860 in
491 835 569 860 earnem
585 830 680 873 tanquam
696 835 765 874 agrum

76 910 143 936 semen
159 897 254 936 abiiciens
269 898 288 935 h.
304 911 321 935 e.
338 897 422 948 (pravis)
440 898 580 948 cupiditatibus
591 898 649 936 unice
659 897 765 949 indulgens

76 979 134 1023 atque
149 973 196 1010 inde
216 973 268 1010 vitae
285 972 371 1011 fructum
392 979 521 1023 exspectans,
540 978 598 1013 ntetet
616 973 766 1026 dubitationem

77 1047 254 1099 (quemadmodum
273 1048 316 1098 ipse
335 1047 369 1085 ille
388 1061 446 1099 ager,
466 1042 479 1103 ἡ
501 1043 564 1103 σάρξ,
588 1047 713 1098 corruptioni
731 1048 767 1085 ob-

77 1122 151 1160 noxius
167 1128 197 1160 est
215 1121 282 1160 lOor.
297 1126 328 1169 rt,
345 1123 388 1174 53.)
404 1123 422 1159 h.
439 1135 454 1159 e.
471 1123 581 1173 reportabit
597 1131 691 1172 tanquam
706 1135 765 1172 prae-

77 1197 137 1234 mium
154 1202 237 1235 mortem
253 1203 281 1243 et,
298 1209 348 1248 quae
367 1210 411 1235 uum
431 1210 456 1234 ea
476 1197 584 1234 coniuncta
602 1202 642 1242 est,
664 1197 765 1234 miseriam

78 1276 187 1309 aeternam.
202 1294 232 1299 -
247 1283 281 1313 σπ.
298 1271 328 1320 εἰς
342 1286 375 1313 atr.
390 1272 402 1308 i.
419 1285 435 1308 e.
452 1271 485 1322 qui
500 1271 562 1308 menti
577 1271 601 1307 ad
617 1283 686 1308 veram
703 1271 765 1320 pieta-

76 1350 115 1383 tem
126 1346 234 1383 fiectendae
246 1357 328 1395 operam
344 1346 389 1392 dat,
404 1345 452 1382 inde
468 1358 546 1382 omnem
562 1343 646 1383 salutem
662 1344 765 1396 (fructum)

76 1419 179 1469 proficisci
195 1420 296 1458 existimat
311 1424 348 1458 etc.
371 1419 417 1457 Vid.
433 1420 458 1457 de
473 1420 512 1456 hoo
523 1419 569 1456 loeo
580 1418 601 1454 M
606 1419 642 1455 ori
654 1419 739 1456 dissertt.
747 1418 764 1465 I,

76 1506 96 1543 p.
115 1496 153 1531 150
170 1506 212 1544 sqq.
228 1494 279 1531 adde
296 1491 368 1532 Goran.
380 1495 414 1540 42,
433 1496 464 1531 19.
481 1515 506 1521 -
527 1491 620 1530 Ceterum
635 1497 695 1542 puto,
712 1506 729 1531 v.
747 1495 764 1530 7.

78 1573 99 1606 et
115 1570 133 1607 8.
150 1581 191 1606 nou
206 1568 306 1619 pertinere
320 1569 346 1606 ad
356 1568 411 1606 solos
423 1568 516 1606 doctores
527 1567 669 1615 honorandos,
685 1573 706 1605 ut
720 1567 765 1618 plu·
794 1617 800 1619 .‚

77 1643 122 1681 rimi
138 1648 236 1689 statuunt;
251 1644 286 1681 sed
297 1643 410 1694 transgredi
420 1643 542 1693 Apostolum
558 1644 583 1681 ab
599 1655 639 1680 una
653 1643 725 1681 virtute
741 1624 772 1681 ad·

78 1718 145 1756 omnis
156 1714 266 1757 honestatis
277 1718 363 1758 studium
375 1717 549 1769 (quemadmodum
560 1730 578 1756 v.
593 1721 636 1765 11,
652 1731 692 1756 nna
706 1718 766 1756 inter-

79 1793 145 1843 posita
160 1794 269 1841 sententia,
285 1793 349 1830 statim
365 1794 390 1831 ad
405 1785 559 1843 disputationem
575 1792 690 1843 primariam
701 1807 767 1831 rever-

78 1867 140 1918 titur).
151 1865 221 1912 ,certe
232 1880 283 1917 quae
294 1880 312 1905 v.
325 1870 343 1904 9.
356 1870 386 1906 10.
400 1867 503 1919 leguntur,
519 1867 554 1904 vix
569 1872 653 1917 possunt
669 1867 694 1905 ad
710 1868 765 1906 solos

34 1995 36 1999 .
79 1937 131 1991 τοὺς
146 1941 294 1996 κατηχοῦντας
308 1941 367 1979 trahi.

136 2015 160 2052 V.
177 2018 195 2052 9.
215 2015 289 2056 ἐκκακ.
304 2015 360 2053 Idem
375 2027 419 2053 voc.
436 2022 465 2054 est
481 2015 552 2054 tCor.
564 2020 584 2062 4,
598 2019 614 2053 l.
638 2017 677 2065 Ap.
694 2014 766 2056 Graec.

77 2103 118 2128 non
134 2089 216 2128 memini
232 2103 262 2127 me
277 2090 353 2140 legere,
370 2103 414 2128 nam
431 2089 502 2141 Polyb.
514 2094 534 2138 4,
549 2093 580 2128 19.
595 2093 635 2136 10,
653 2103 711 2140 quem
726 2091 765 2131 loo.

77 2164 189 2203 Wahlius
205 2165 263 2203 etiam
279 2164 355 2213 attulit,
371 2165 469 2216 reperitur
479 2166 499 2203 in
510 2165 567 2204 libris
579 2165 685 2219 &raanan
701 2164 765 2204 Oeten

78 2240 99 2277 in
118 2241 164 2282 nul.
185 2245 204 2277 et
223 2239 300 2281 dunan-
318 2239 368 2278 levis
386 2241 530 2290 paronomasia
548 2240 601 2278 inest
621 2240 646 2278 of.
667 2243 677 2276 9
695 2240 766 2280 Thess.

79 2317 143 2363 3,13.
160 2309 189 2369 μὴ
206 2310 342 2374 ἐκκακηῖσηητε
358 2316 526 2364 καλοποιοῦντες.
543 2338 570 2342 -
586 2328 640 2369 aurp,
655 2314 701 2373 ἰδίῳ
717 2322 766 2354 tem-

77 2402 129 2440 pore
147 2388 218 2426 messis
237 2376 330 2427 divinitus
350 2389 464 2428 constituto.
489 2412 514 2418 -
539 2385 568 2446 μὴ
585 2389 626 2431 s'nh.
642 2389 659 2428 si
675 2402 716 2428 non
733 2391 766 2429 de-

78 2464 155 2516 fatigati
174 2463 269 2502 fuerimus
287 2463 309 2500 in
328 2463 389 2512 bene,
408 2464 492 2503 honeste
511 2465 596 2515 agendo.
626 2462 675 2502 Non
694 2472 724 2504 est
741 2483 765 2509 το

78 2542 126 2581 χαλ.
144 2543 209 2581 ποιεῖν
232 2540 256 2576 de
278 2538 397 2576 liberalitate
419 2538 514 2589 intellig,
537 2544 558 2576 ut
580 2539 631 2576 hene
655 2539 693 2577 iam
717 2541 767 2579 vidit

78 2613 238 2660 Theodoret,
262 2618 313 2651 certe
332 2625 376 2651 voc.
395 2606 462 2668 {rupto
479 2613 576 2661 ostendit,
596 2615 646 2652 haee
662 2601 715 2652 arete
732 2627 766 2652 co-

78 2687 148 2738 putata
164 2699 207 2725 esse
223 2700 239 2725 c.
256 2701 273 2725 v.
291 2688 309 2725 8.
335 2682 449 2731 &attenuat
465 2686 592 2743 lurtpuescere
609 2688 713 2726 commode
729 2688 766 2726 die.

79 2763 103 2800 de
122 2762 254 2809 messoribus,
277 2762 351 2814 quippe
371 2762 403 2813 qui
424 2762 475 2801 ooeli
490 2762 594 2814 iniquitate
609 2762 680 2800 virium
697 2762 767 2801 debili-

604 2830 630 2872 9³}
