1723 3054
127 226 139 269 a
327 225 545 267 Pactncounnn.
561 229 578 280 γ.
593 231 609 266 1.

123 352 184 394 tonio
215 357 300 407 praeter
325 349 436 394 Galatiam
464 352 552 410 proprie
578 351 659 393 dictam
684 349 810 408 Lycaoniae

123 431 189 474 etiarn
205 436 226 472 et
240 430 384 488 Pamphyliae
402 437 474 489 partes
490 432 614 488 accepisse,
633 430 743 475 Galatiam
757 445 809 472 vero

124 517 146 553 et
160 510 259 567 Lycaon.
275 517 361 567 partes,
385 513 458 554 occiso
481 512 589 568 Amynta,
612 512 639 554 ab
661 511 764 568 Augusto
787 510 811 552 in
836 558 838 562 ‚

123 591 250 647 provinciae
271 607 325 633 rom.
341 592 432 634 formam
454 591 554 634 redactas
577 597 599 634 et
620 592 685 655 unius
707 606 811 648 proprae-

123 671 177 713 toris
202 686 267 714 curae
289 671 417 714 commissas
439 686 488 714 esse
498 672 538 727 15);
564 670 658 726 accedit,
684 670 745 726 quod
766 670 812 712 Pli-

124 751 174 794 nius
188 751 214 807 16)
227 734 315 794 'diserte
329 751 433 809 Lystram
452 767 465 793 a
481 751 565 795 Galatis
581 751 648 794 incoli
662 750 734 794 tradit.
764 749 812 791 Ha-

124 831 178 873 bent
200 830 264 886 haec,
289 832 370 886 fateor,
396 832 491 889 aliquam
513 833 620 889 speciem7
646 847 717 887 neque
739 836 813 873 tamen

124 926 212 953 movere
227 927 261 972 me
277 917 381 967 possunt,
397 918 423 954 ut
438 912 465 954 ab
476 913 530 967 ista,
547 928 612 969 quam
629 911 687 966 dixi,
704 910 813 954 sententia

125 990 244 1033 discedam.
281 979 381 1034 Primum
400 993 457 1035 enirn
472 992 547 1035 Lucas
566 993 614 1050 ipse
630 991 712 1049 oppida
726 990 812 1033 Derbes

115 1081 148 1113 'et
162 1070 257 1128 Lystrae
273 1070 384 1131 awGalatia
400 1079 501 1116 accurate
517 1072 634 1129 distinguit
648 1072 698 1114 Act.
711 1072 748 1129 ld,
766 1072 783 1113 ί.
793 1071 812 1113 b.

125 1155 147 1192 et
168 1150 295 1207 Lycaoniae
317 1151 417 1195 attribuit
440 1154 476 1208 lli,
493 1154 512 1198 6.
549 1152 693 1209 Pamphyliae
716 1164 812 1207 quoque,
850 1137 853 1139 ,

124 1235 229 1286 tanquam
248 1231 375 1287 provinciae
393 1248 405 1274 a
422 1232 513 1288 reliquis
529 1232 650 1287 seiunctae,
670 1231 705 1274 bis
721 1229 813 1273 mentio-

126 1325 176 1352 nem
191 1310 245 1353 facit
261 1312 298 1365 tl,
314 1312 348 1355 24.
366 1313 402 1366 15,
418 1313 452 1356 38.
482 1312 543 1354 Hinc
558 1327 662 1369 apparere
677 1317 742 1368 puto,
767 1315 814 1351 turn

124 1390 230 1447 temporis
246 1390 336 1446 antiqua
347 1380 437 1434 nomina
450 1392 517 1449 vulgo
528 1389 634 1448 usurpata
644 1391 723 1446 fuisse,
740 1406 814 1447 quem-

126 1468 243 1512 admodum
260 1470 320 1527 apud
334 1485 374 1513 nos
392 1472 458 1514 etiam
472 1471 520 1514 fieri
540 1472 605 1526 solet,
632 1477 655 1514 ut
673 1486 728 1527 quas
745 1476 814 1514 terras

125 1549 321 1606 geographicarum
342 1566 415 1593 rerum
438 1552 555 1607 scriptores
577 1566 621 1593 uno
644 1551 732 1593 nomine
755 1564 814 1592 com-

126 1620 277 1685 prehendunt
291 1629 364 1686 (quod
388 1616 506 1674 uni‘istae
532 1630 620 1673 domino
645 1631 747 1687 parent)⁷
778 1645 814 1672 eas

125 1709 205 1766 vulgus
231 1710 328 1766 antiquis
354 1717 376 1753 et
402 1712 512 1754 consuetis
539 1710 648 1768 appellare
672 1717 756 1768 pergat.
795 1710 816 1751 E

127 1788 204 1841 Lucae
223 1790 291 1847 igitur
312 1791 473 1834 commentariis
492 1791 550 1835 effici
568 1791 657 1847 nequit,
681 1790 775 1833 Paulum
792 1790 816 1832 in

124 1922 264 1929 ι*

131 2020 168 2064 καί
188 2022 314 2072 δυναστείας
325 2019 423 2080 Ἀμύντᾳ
442 2021 479 2077 μὲν
494 2023 607 2072 Γαλατίας
622 2023 700 2078 καίτερ
715 2037 817 2078 γραμμα-

128 2100 161 2138 τεῖ
179 2096 217 2138 τοῦ
236 2093 353 2153 Δηϊοτάρου
372 2098 486 2155 γενομένῳ,
510 2097 577 2139 ἔδωκε
599 2095 643 2138 καί
664 2096 818 2146 Λυκαονίας

127 2171 288 2226 Παμφυλίας
305 2172 335 2213 τέ
353 2187 411 2214 τινα
430 2168 499 2230 αὐτῷ
518 2170 650 2226 apochae.

174 2272 335 2324 15)Ι)ίοΟαεε.
354 2277 392 2323 53,
409 2278 442 2314 26.
462 2289 482 2326 p.
499 2277 546 2313 514.
576 2274 613 2317 τοῦ
625 2269 731 2329 Ἀμύντου
746 2275 817 2316 τελευ-

128 2343 235 2402 τήσαντος
260 2345 282 2390 οὐ
304 2354 348 2400 τοῖς
372 2348 441 2392 παισίν
466 2346 531 2392 αὐτοῦ
554 2345 592 2406 τὴν
616 2345 681 2405 ἀργὴν
702 2349 817 2401 ἐπέτρεψεν

129 2417 171 2463 ἀλλ’
193 2419 215 2470 ἐς
233 2418 271 2478 τὴν
290 2418 382 2479 ὑπήκοον
402 2421 501 2481 ἐσήγαγε.
531 2422 575 2466 καὶ
595 2419 661 2465 οὕτω
680 2420 723 2464 καί
738 2417 751 2478 ἦ
766 2424 817 2465 Γα-

129 2496 208 2539 λατία
235 2493 302 2550 μετὰ
328 2494 678 2553 τῆςΑυκαονίαςῬωμαῖον
705 2492 818 2553 ἄρχοντα

131 2571 198 2626 ἔσχε.
229 2570 360 2623 Pamphyliae
377 2574 452 2624 oppida
466 2574 554 2614 libertati
569 2573 732 2612 restituebantur.

174 2675 208 2725 16)
224 2674 249 2712 H.
269 2673 315 2713 Nat.
332 2675 356 2725 5,
373 2678 405 2714 32.
431 2693 433 2695 >
