<?xml version="1.0" encoding="UTF-8"?>
<!DOCTYPE html PUBLIC "-//W3C//DTD XHTML 1.0 Transitional//EN"
    "http://www.w3.org/TR/xhtml1/DTD/xhtml1-transitional.dtd">
<html xmlns="http://www.w3.org/1999/xhtml" xml:lang="en" lang="en">
 <head>
  <title>
</title>
<meta http-equiv="Content-Type" content="text/html;charset=utf-8" />
  <meta name='ocr-system' content='tesseract 3.04.00' />
  <meta name='ocr-capabilities' content='ocr_page ocr_carea ocr_par ocr_line ocrx_word'/>
</head>
<body>
  <div class='ocr_page' id='page_1' title='image "MN41966ucmf_4_0188.png"; bbox 0 0 1723 3054; ppageno 0'>
   <div class='ocr_carea' id='block_1_1' title="bbox 103 233 539 276">
    <p class='ocr_par' dir='ltr' id='par_1_1' title="bbox 103 233 539 276">
     <span class='ocr_line' id='line_1_1' title="bbox 103 233 539 276; baseline -0.007 -1"><span class='ocrx_word' id='word_1_1' title='bbox 103 233 144 276; x_wconf 82' lang='lat'><strong>160</strong></span> <span class='ocrx_word' id='word_1_2' title='bbox 352 234 498 276; x_wconf 82' lang='lat' dir='ltr'>EXCURSUS</span> <span class='ocrx_word' id='word_1_3' title='bbox 514 234 539 273; x_wconf 81' lang='grc' dir='ltr'><strong>ΙΙ.</strong></span> 
     </span>
    </p>
   </div>
   <div class='ocr_carea' id='block_1_2' title="bbox 101 335 791 688">
    <p class='ocr_par' dir='ltr' id='par_1_2' title="bbox 101 335 791 688">
     <span class='ocr_line' id='line_1_2' title="bbox 102 335 789 390; baseline 0.003 -15"><span class='ocrx_word' id='word_1_4' title='bbox 102 338 282 390; x_wconf 82' lang='lat' dir='ltr'><strong>Emrneriingio</strong></span> <span class='ocrx_word' id='word_1_5' title='bbox 306 345 405 386; x_wconf 82' lang='lat' dir='ltr'><strong>statuens,</strong></span> <span class='ocrx_word' id='word_1_6' title='bbox 429 342 439 376; x_wconf 69' lang='grc'><strong>9</strong></span> <span class='ocrx_word' id='word_1_7' title='bbox 462 338 509 377; x_wconf 83' lang='lat' dir='ltr'><strong>Cor.</strong></span> <span class='ocrx_word' id='word_1_8' title='bbox 533 342 562 376; x_wconf 74' lang='lat'><strong>1¹2.</strong></span> <span class='ocrx_word' id='word_1_9' title='bbox 582 340 666 378; x_wconf 80' lang='lat' dir='ltr'><strong>eandem</strong></span> <span class='ocrx_word' id='word_1_10' title='bbox 686 335 789 383; x_wconf 69' lang='grc' dir='ltr'>ὀπτασίαν</span> 
     </span>
     <span class='ocr_line' id='line_1_3' title="bbox 103 413 789 465; baseline 0.001 -15"><span class='ocrx_word' id='word_1_11' title='bbox 103 414 151 460; x_wconf 80' lang='lat' dir='ltr'><strong>dici,</strong></span> <span class='ocrx_word' id='word_1_12' title='bbox 168 426 218 463; x_wconf 87' lang='lat' dir='ltr'><strong>quae</strong></span> <span class='ocrx_word' id='word_1_13' title='bbox 234 415 254 451; x_wconf 96' lang='lat' dir='ltr'><strong>in</strong></span> <span class='ocrx_word' id='word_1_14' title='bbox 270 414 339 452; x_wconf 86' lang='lat' dir='ltr'><strong>itinere</strong></span> <span class='ocrx_word' id='word_1_15' title='bbox 356 413 413 451; x_wconf 84' lang='lat' dir='ltr'><strong>Dani.</strong></span> <span class='ocrx_word' id='word_1_16' title='bbox 425 414 525 464; x_wconf 77' lang='lat' dir='ltr'><strong>ApostoIo</strong></span> <span class='ocrx_word' id='word_1_17' title='bbox 542 414 664 465; x_wconf 80' lang='lat' dir='ltr'>contigisset.</span> <span class='ocrx_word' id='word_1_18' title='bbox 689 414 709 453; x_wconf 93' lang='lat' dir='ltr'><strong>Is</strong></span> <span class='ocrx_word' id='word_1_19' title='bbox 724 422 789 453; x_wconf 83' lang='lat' dir='ltr'><strong>autern</strong></span> 
     </span>
     <span class='ocr_line' id='line_1_4' title="bbox 101 484 790 539; baseline 0.001 -14"><span class='ocrx_word' id='word_1_20' title='bbox 101 494 168 537; x_wconf 84' lang='lat' dir='ltr'><strong>putat,</strong></span> <span class='ocrx_word' id='word_1_21' title='bbox 191 486 236 529; x_wconf 78' lang='lat' dir='ltr'><strong>Gal.</strong></span> <span class='ocrx_word' id='word_1_22' title='bbox 257 491 281 536; x_wconf 71' lang='lat'><strong>2,</strong></span> <span class='ocrx_word' id='word_1_23' title='bbox 303 493 320 527; x_wconf 90' lang='grc'><strong>1.</strong></span> <span class='ocrx_word' id='word_1_24' title='bbox 338 484 378 531; x_wconf 64' lang='grc' dir='ltr'><strong>διὰ</strong></span> <span class='ocrx_word' id='word_1_25' title='bbox 397 489 470 531; x_wconf 63' lang='lat' dir='ltr'><strong>Benna.</strong></span> <span class='ocrx_word' id='word_1_26' title='bbox 489 488 517 530; x_wconf 77' lang='grc' dir='ltr'><strong>ἐτ,</strong></span> <span class='ocrx_word' id='word_1_27' title='bbox 543 501 581 526; x_wconf 91' lang='lat' dir='ltr'><strong>non</strong></span> <span class='ocrx_word' id='word_1_28' title='bbox 604 490 728 539; x_wconf 79' lang='lat' dir='ltr'><strong>significare,</strong></span> <span class='ocrx_word' id='word_1_29' title='bbox 752 489 790 527; x_wconf 90' lang='lat' dir='ltr'><strong>nisi</strong></span> 
     </span>
     <span class='ocr_line' id='line_1_5' title="bbox 103 563 791 617; baseline 0.004 -18"><span class='ocrx_word' id='word_1_30' title='bbox 103 563 189 612; x_wconf 86' lang='lat' dir='ltr'><strong>(utimur</strong></span> <span class='ocrx_word' id='word_1_31' title='bbox 209 564 251 601; x_wconf 89' lang='lat' dir='ltr'><strong>eius</strong></span> <span class='ocrx_word' id='word_1_32' title='bbox 271 564 349 614; x_wconf 87' lang='lat' dir='ltr'><strong>verbis)</strong></span> <span class='ocrx_word' id='word_1_33' title='bbox 367 563 473 601; x_wconf 86' lang='lat' dir='ltr'><strong>innerhalb</strong></span> <span class='ocrx_word' id='word_1_34' title='bbox 492 576 571 617; x_wconf 68' lang='lat' dir='ltr'><strong>ponaer</strong></span> <span class='ocrx_word' id='word_1_35' title='bbox 586 563 617 601; x_wconf 85' lang='lat' dir='ltr'><strong>vel</strong></span> <span class='ocrx_word' id='word_1_36' title='bbox 632 563 738 602; x_wconf 86' lang='lat' dir='ltr'><strong>innerhalb</strong></span> <span class='ocrx_word' id='word_1_37' title='bbox 754 565 791 605; x_wconf 77' lang='lat' dir='ltr'><strong>der</strong></span> 
     </span>
     <span class='ocr_line' id='line_1_6' title="bbox 105 637 790 688; baseline 0 -13"><span class='ocrx_word' id='word_1_38' title='bbox 105 637 198 675; x_wconf 86' lang='lat' dir='ltr'><strong>vierzehn</strong></span> <span class='ocrx_word' id='word_1_39' title='bbox 208 637 279 676; x_wconf 83' lang='lat' dir='ltr'><strong>Jahre.</strong></span> <span class='ocrx_word' id='word_1_40' title='bbox 302 638 346 676; x_wconf 91' lang='lat' dir='ltr'><strong>Iam</strong></span> <span class='ocrx_word' id='word_1_41' title='bbox 360 650 408 675; x_wconf 88' lang='lat' dir='ltr'><strong>vero</strong></span> <span class='ocrx_word' id='word_1_42' title='bbox 425 643 514 685; x_wconf 86' lang='lat' dir='ltr'><strong>constat,</strong></span> <span class='ocrx_word' id='word_1_43' title='bbox 530 638 635 688; x_wconf 83' lang='lat' dir='ltr'><strong>epistolam</strong></span> <span class='ocrx_word' id='word_1_44' title='bbox 652 640 676 676; x_wconf 90' lang='lat' dir='ltr'><strong>ad</strong></span> <span class='ocrx_word' id='word_1_45' title='bbox 688 637 733 677; x_wconf 79' lang='lat' dir='ltr'><strong>Gal.</strong></span> <span class='ocrx_word' id='word_1_46' title='bbox 749 651 790 676; x_wconf 88' lang='lat' dir='ltr'><strong>non</strong></span> 
     </span>
    </p>
   </div>
   <div class='ocr_carea' id='block_1_3' title="bbox 103 710 791 762">
    <p class='ocr_par' dir='ltr' id='par_1_3' title="bbox 103 710 791 762">
     <span class='ocr_line' id='line_1_7' title="bbox 103 710 791 762; baseline 0 -13"><span class='ocrx_word' id='word_1_47' title='bbox 103 711 164 757; x_wconf 82' lang='lat' dir='ltr'><strong>multo</strong></span> <span class='ocrx_word' id='word_1_48' title='bbox 180 719 225 749; x_wconf 86' lang='lat' dir='ltr'><strong>ante</strong></span> <span class='ocrx_word' id='word_1_49' title='bbox 241 714 349 750; x_wconf 82' lang='lat' dir='ltr'><strong>secundam</strong></span> <span class='ocrx_word' id='word_1_50' title='bbox 365 714 390 749; x_wconf 86' lang='lat' dir='ltr'><strong>ad</strong></span> <span class='ocrx_word' id='word_1_51' title='bbox 405 710 522 750; x_wconf 82' lang='lat' dir='ltr'>Corinthios</span> <span class='ocrx_word' id='word_1_52' title='bbox 537 712 634 762; x_wconf 76' lang='lat' dir='ltr'><strong>scriptam</strong></span> <span class='ocrx_word' id='word_1_53' title='bbox 650 726 703 761; x_wconf 81' lang='lat' dir='ltr'><strong>esse,</strong></span> <span class='ocrx_word' id='word_1_54' title='bbox 719 714 758 751; x_wconf 94' lang='lat' dir='ltr'><strong>hoc</strong></span> <span class='ocrx_word' id='word_1_55' title='bbox 774 712 791 750; x_wconf 87' lang='lat' dir='ltr'><strong>si</strong></span> 
     </span>
    </p>
   </div>
   <div class='ocr_carea' id='block_1_4' title="bbox 39 786 790 837">
    <p class='ocr_par' dir='ltr' id='par_1_4' title="bbox 39 786 790 837">
     <span class='ocr_line' id='line_1_8' title="bbox 39 786 790 837; baseline 0.003 -14"><span class='ocrx_word' id='word_1_56' title='bbox 39 802 41 806; x_wconf 92' lang='lat'>·</span> <span class='ocrx_word' id='word_1_57' title='bbox 103 786 177 825; x_wconf 84' lang='lat' dir='ltr'><strong>factum</strong></span> <span class='ocrx_word' id='word_1_58' title='bbox 193 787 254 825; x_wconf 90' lang='lat' dir='ltr'><strong>sumis</strong></span> <span class='ocrx_word' id='word_1_59' title='bbox 270 800 287 825; x_wconf 85' lang='lat' dir='ltr'><strong>a.</strong></span> <span class='ocrx_word' id='word_1_60' title='bbox 304 790 335 826; x_wconf 81' lang='grc'><strong>56,</strong></span> <span class='ocrx_word' id='word_1_61' title='bbox 356 786 388 824; x_wconf 86' lang='lat' dir='ltr'><strong>vei</strong></span> <span class='ocrx_word' id='word_1_62' title='bbox 409 790 451 834; x_wconf 64' lang='lat' dir='ltr'><strong>ai,</strong></span> <span class='ocrx_word' id='word_1_63' title='bbox 474 787 517 825; x_wconf 90' lang='lat' dir='ltr'><strong>iure</strong></span> <span class='ocrx_word' id='word_1_64' title='bbox 537 786 647 837; x_wconf 67' lang='lat' dir='ltr'><strong>colligitur,</strong></span> <span class='ocrx_word' id='word_1_65' title='bbox 670 786 753 825; x_wconf 85' lang='lat' dir='ltr'><strong>Paulum</strong></span> <span class='ocrx_word' id='word_1_66' title='bbox 772 800 790 825; x_wconf 87' lang='lat' dir='ltr'><strong>a.</strong></span> 
     </span>
    </p>
   </div>
   <div class='ocr_carea' id='block_1_5' title="bbox 103 859 835 1432">
    <p class='ocr_par' dir='ltr' id='par_1_5' title="bbox 103 859 835 1432">
     <span class='ocr_line' id='line_1_9' title="bbox 103 859 790 910; baseline 0 -12"><span class='ocrx_word' id='word_1_67' title='bbox 103 863 200 898; x_wconf 77' lang='grc'><strong>42-43,</strong></span> <span class='ocrx_word' id='word_1_68' title='bbox 216 862 241 898; x_wconf 89' lang='lat' dir='ltr'><strong>ad</strong></span> <span class='ocrx_word' id='word_1_69' title='bbox 257 875 298 899; x_wconf 87' lang='lat' dir='ltr'><strong>rem</strong></span> <span class='ocrx_word' id='word_1_70' title='bbox 314 859 447 899; x_wconf 75' lang='lat' dir='ltr'><strong>Christianam</strong></span> <span class='ocrx_word' id='word_1_71' title='bbox 462 862 577 900; x_wconf 77' lang='lat' dir='ltr'><strong>accessisse.</strong></span> <span class='ocrx_word' id='word_1_72' title='bbox 608 863 635 899; x_wconf 84' lang='lat' dir='ltr'><strong>At</strong></span> <span class='ocrx_word' id='word_1_73' title='bbox 650 875 711 910; x_wconf 75' lang='lat' dir='ltr'><strong>vero,</strong></span> <span class='ocrx_word' id='word_1_74' title='bbox 726 863 744 901; x_wconf 88' lang='lat' dir='ltr'><strong>si</strong></span> <span class='ocrx_word' id='word_1_75' title='bbox 759 861 790 899; x_wconf 88' lang='lat' dir='ltr'><strong>vel</strong></span> 
     </span>
     <span class='ocr_line' id='line_1_10' title="bbox 104 934 790 986; baseline 0.003 -14"><span class='ocrx_word' id='word_1_76' title='bbox 104 935 212 972; x_wconf 81' lang='lat' dir='ltr'><strong>concedam</strong></span> <span class='ocrx_word' id='word_1_77' title='bbox 234 938 243 971; x_wconf 68' lang='lat'><strong>‘2</strong></span> <span class='ocrx_word' id='word_1_78' title='bbox 262 934 308 974; x_wconf 80' lang='lat' dir='ltr'><strong>Cor.</strong></span> <span class='ocrx_word' id='word_1_79' title='bbox 328 939 358 973; x_wconf 73' lang='lat'><strong>12.</strong></span> <span class='ocrx_word' id='word_1_80' title='bbox 378 935 445 974; x_wconf 87' lang='lat' dir='ltr'><strong>nobiie</strong></span> <span class='ocrx_word' id='word_1_81' title='bbox 460 936 513 974; x_wconf 87' lang='lat' dir='ltr'><strong>istud</strong></span> <span class='ocrx_word' id='word_1_82' title='bbox 529 936 603 983; x_wconf 83' lang='lat' dir='ltr'><strong>visum,</strong></span> <span class='ocrx_word' id='word_1_83' title='bbox 620 937 673 986; x_wconf 86' lang='lat' dir='ltr'><strong>quod</strong></span> <span class='ocrx_word' id='word_1_84' title='bbox 689 936 790 986; x_wconf 81' lang='lat' dir='ltr'><strong>Apostoio</strong></span> 
     </span>
     <span class='ocr_line' id='line_1_11' title="bbox 103 1009 789 1061; baseline 0 -15"><span class='ocrx_word' id='word_1_85' title='bbox 103 1009 225 1047; x_wconf 85' lang='lat' dir='ltr'><strong>Damascum</strong></span> <span class='ocrx_word' id='word_1_86' title='bbox 242 1011 332 1061; x_wconf 77' lang='lat' dir='ltr'><strong>pergenti</strong></span> <span class='ocrx_word' id='word_1_87' title='bbox 348 1011 439 1057; x_wconf 83' lang='lat' dir='ltr'><strong>obvenit,</strong></span> <span class='ocrx_word' id='word_1_88' title='bbox 455 1011 532 1048; x_wconf 81' lang='lat' dir='ltr'><strong>narrari</strong></span> <span class='ocrx_word' id='word_1_89' title='bbox 547 1011 573 1060; x_wconf 87' lang='lat' dir='ltr'><strong>(v.</strong></span> <span class='ocrx_word' id='word_1_90' title='bbox 584 1015 650 1048; x_wconf 87' lang='lat' dir='ltr'><strong>tamen</strong></span> <span class='ocrx_word' id='word_1_91' title='bbox 661 1023 711 1061; x_wconf 88' lang='lat' dir='ltr'><strong>quae</strong></span> <span class='ocrx_word' id='word_1_92' title='bbox 721 1010 789 1061; x_wconf 84' lang='lat' dir='ltr'><strong>paullo</strong></span> 
     </span>
     <span class='ocr_line' id='line_1_12' title="bbox 103 1081 835 1135; baseline 0.005 -15"><span class='ocrx_word' id='word_1_93' title='bbox 103 1090 147 1121; x_wconf 83' lang='lat' dir='ltr'><strong>ante</strong></span> <span class='ocrx_word' id='word_1_94' title='bbox 167 1085 243 1121; x_wconf 90' lang='lat' dir='ltr'><strong>monita</strong></span> <span class='ocrx_word' id='word_1_95' title='bbox 265 1086 479 1135; x_wconf 79' lang='lat' dir='ltr'><strong>sunt),&#39;magnopere</strong></span> <span class='ocrx_word' id='word_1_96' title='bbox 502 1085 581 1131; x_wconf 77' lang='lat' dir='ltr'><strong>dubito,</strong></span> <span class='ocrx_word' id='word_1_97' title='bbox 605 1086 666 1122; x_wconf 82' lang='lat' dir='ltr'><strong>verba</strong></span> <span class='ocrx_word' id='word_1_98' title='bbox 689 1081 724 1126; x_wconf 77' lang='grc' dir='ltr'><strong>διὰ</strong></span> <span class='ocrx_word' id='word_1_99' title='bbox 747 1086 790 1126; x_wconf 69' lang='lat' dir='ltr'><strong>deit.</strong></span> <span class='ocrx_word' id='word_1_100' title='bbox 832 1107 835 1109; x_wconf 75' lang='lat'><em>,</em></span> 
     </span>
     <span class='ocr_line' id='line_1_13' title="bbox 104 1157 791 1212; baseline -0.004 -12"><span class='ocrx_word' id='word_1_101' title='bbox 104 1157 155 1199; x_wconf 75' lang='grc' dir='ltr'>ἐτῶν</span> <span class='ocrx_word' id='word_1_102' title='bbox 174 1164 227 1196; x_wconf 86' lang='lat' dir='ltr'><strong>recte</strong></span> <span class='ocrx_word' id='word_1_103' title='bbox 242 1159 293 1196; x_wconf 89' lang='lat' dir='ltr'><strong>verti</strong></span> <span class='ocrx_word' id='word_1_104' title='bbox 307 1172 344 1209; x_wconf 90' lang='lat' dir='ltr'><strong>per</strong></span> <span class='ocrx_word' id='word_1_105' title='bbox 363 1161 386 1195; x_wconf 80' lang='lat'><strong>14</strong></span> <span class='ocrx_word' id='word_1_106' title='bbox 404 1159 491 1212; x_wconf 71' lang='lat' dir='ltr'><strong>intepros</strong></span> <span class='ocrx_word' id='word_1_107' title='bbox 507 1171 571 1196; x_wconf 84' lang='lat' dir='ltr'><strong>annos</strong></span> <span class='ocrx_word' id='word_1_108' title='bbox 586 1158 617 1196; x_wconf 88' lang='lat' dir='ltr'><strong>vei</strong></span> <span class='ocrx_word' id='word_1_109' title='bbox 633 1158 738 1197; x_wconf 88' lang='lat' dir='ltr'><strong>innerhalb</strong></span> <span class='ocrx_word' id='word_1_110' title='bbox 754 1159 791 1199; x_wconf 81' lang='lat' dir='ltr'><strong>dei·</strong></span> 
     </span>
     <span class='ocr_line' id='line_1_14' title="bbox 104 1228 790 1284; baseline 0.01 -16"><span class='ocrx_word' id='word_1_111' title='bbox 104 1235 128 1269; x_wconf 87' lang='grc'><strong>14</strong></span> <span class='ocrx_word' id='word_1_112' title='bbox 145 1231 208 1270; x_wconf 82' lang='lat' dir='ltr'><strong>Jahre</strong></span> <span class='ocrx_word' id='word_1_113' title='bbox 224 1233 267 1284; x_wconf 80' lang='lat' dir='ltr'><strong>(hoc</strong></span> <span class='ocrx_word' id='word_1_114' title='bbox 284 1238 338 1271; x_wconf 88' lang='lat' dir='ltr'><strong>certe</strong></span> <span class='ocrx_word' id='word_1_115' title='bbox 352 1233 413 1271; x_wconf 87' lang='lat' dir='ltr'><strong>scribi</strong></span> <span class='ocrx_word' id='word_1_116' title='bbox 430 1233 516 1271; x_wconf 81' lang='lat' dir='ltr'><strong>debebat</strong></span> <span class='ocrx_word' id='word_1_117' title='bbox 531 1228 566 1275; x_wconf 75' lang='grc' dir='ltr'><strong>διὰ</strong></span> <span class='ocrx_word' id='word_1_118' title='bbox 581 1233 630 1275; x_wconf 78' lang='grc' dir='ltr'><strong>τῶν</strong></span> <span class='ocrx_word' id='word_1_119' title='bbox 647 1235 690 1275; x_wconf 65' lang='lat' dir='ltr'><strong>aaa.</strong></span> <span class='ocrx_word' id='word_1_120' title='bbox 707 1233 743 1284; x_wconf 82' lang='grc' dir='ltr'>ἐτ.)</span> <span class='ocrx_word' id='word_1_121' title='bbox 754 1233 790 1282; x_wconf 68' lang='lat'><strong>⁸⁷),</strong></span> 
     </span>
     <span class='ocr_line' id='line_1_15' title="bbox 103 1289 793 1362; baseline 0.003 -16"><span class='ocrx_word' id='word_1_122' title='bbox 103 1306 184 1352; x_wconf 79' lang='lat' dir='ltr'><strong>deinde,</strong></span> <span class='ocrx_word' id='word_1_123' title='bbox 207 1289 230 1344; x_wconf 89' lang='lat' dir='ltr'><strong>si</strong></span> <span class='ocrx_word' id='word_1_124' title='bbox 246 1306 269 1345; x_wconf 88' lang='lat' dir='ltr'><strong>P.</strong></span> <span class='ocrx_word' id='word_1_125' title='bbox 293 1308 384 1354; x_wconf 79' lang='lat' dir='ltr'><strong>dixisset,</strong></span> <span class='ocrx_word' id='word_1_126' title='bbox 409 1305 503 1345; x_wconf 73' lang='lat' dir='ltr'><strong>wdhrend</strong></span> <span class='ocrx_word' id='word_1_127' title='bbox 526 1319 604 1362; x_wconf 71' lang='lat' dir='ltr'><strong>ponaer</strong></span> <span class='ocrx_word' id='word_1_128' title='bbox 629 1307 691 1345; x_wconf 64' lang='lat'>1421.</span> <span class='ocrx_word' id='word_1_129' title='bbox 716 1309 793 1358; x_wconf 77' lang='lat' dir='ltr'><strong>(denuo</strong></span> 
     </span>
     <span class='ocr_line' id='line_1_16' title="bbox 104 1380 790 1432; baseline 0.003 -15"><span class='ocrx_word' id='word_1_130' title='bbox 104 1380 202 1430; x_wconf 84' lang='lat' dir='ltr'><strong>ascendi),</strong></span> <span class='ocrx_word' id='word_1_131' title='bbox 218 1381 253 1419; x_wconf 80' lang='lat' dir='ltr'><strong>vix</strong></span> <span class='ocrx_word' id='word_1_132' title='bbox 262 1387 354 1431; x_wconf 80' lang='lat' dir='ltr'><strong>poterat,</strong></span> <span class='ocrx_word' id='word_1_133' title='bbox 371 1381 455 1431; x_wconf 86' lang='lat' dir='ltr'><strong>opinor,</strong></span> <span class='ocrx_word' id='word_1_134' title='bbox 472 1382 581 1423; x_wconf 76' lang='lat' dir='ltr'><strong>scoriadam</strong></span> <span class='ocrx_word' id='word_1_135' title='bbox 594 1382 631 1419; x_wconf 85' lang='lat' dir='ltr'><strong>iter</strong></span> <span class='ocrx_word' id='word_1_136' title='bbox 641 1381 720 1420; x_wconf 83' lang='lat' dir='ltr'><strong>silentio</strong></span> <span class='ocrx_word' id='word_1_137' title='bbox 732 1394 790 1432; x_wconf 82' lang='lat' dir='ltr'><strong>prae·</strong></span> 
     </span>
    </p>
   </div>
   <div class='ocr_carea' id='block_1_6' title="bbox 103 1455 789 1507">
    <p class='ocr_par' dir='ltr' id='par_1_6' title="bbox 103 1455 789 1507">
     <span class='ocr_line' id='line_1_17' title="bbox 103 1455 789 1507; baseline 0.003 -16"><span class='ocrx_word' id='word_1_138' title='bbox 103 1455 216 1492; x_wconf 86' lang='lat' dir='ltr'><strong>termittere.</strong></span> <span class='ocrx_word' id='word_1_139' title='bbox 247 1457 331 1494; x_wconf 82' lang='lat' dir='ltr'><strong>Accedit</strong></span> <span class='ocrx_word' id='word_1_140' title='bbox 350 1456 435 1506; x_wconf 84' lang='lat' dir='ltr'><strong>denique</strong></span> <span class='ocrx_word' id='word_1_141' title='bbox 454 1457 481 1493; x_wconf 89' lang='lat' dir='ltr'><strong>ita</strong></span> <span class='ocrx_word' id='word_1_142' title='bbox 499 1469 540 1494; x_wconf 90' lang='lat' dir='ltr'><strong>non</strong></span> <span class='ocrx_word' id='word_1_143' title='bbox 559 1469 668 1506; x_wconf 80' lang='lat' dir='ltr'><strong>apparere,</strong></span> <span class='ocrx_word' id='word_1_144' title='bbox 687 1455 789 1507; x_wconf 88' lang='lat' dir='ltr'><strong>quomodo</strong></span> 
     </span>
    </p>
   </div>
   <div class='ocr_carea' id='block_1_7' title="bbox 104 1528 847 1589">
    <p class='ocr_par' dir='ltr' id='par_1_7' title="bbox 104 1528 847 1589">
     <span class='ocr_line' id='line_1_18' title="bbox 104 1528 847 1589; baseline 0.001 -23"><span class='ocrx_word' id='word_1_145' title='bbox 104 1541 154 1579; x_wconf 86' lang='lat' dir='ltr'><strong>quae</strong></span> <span class='ocrx_word' id='word_1_146' title='bbox 171 1531 181 1565; x_wconf 73' lang='lat'><strong><em>2</em></strong></span> <span class='ocrx_word' id='word_1_147' title='bbox 199 1528 245 1567; x_wconf 84' lang='lat' dir='ltr'><strong>Gor.</strong></span> <span class='ocrx_word' id='word_1_148' title='bbox 265 1534 298 1578; x_wconf 79' lang='lat' dir='ltr'><strong>it,</strong></span> <span class='ocrx_word' id='word_1_149' title='bbox 316 1534 340 1568; x_wconf 78' lang='lat'><strong>32</strong></span> <span class='ocrx_word' id='word_1_150' title='bbox 358 1534 387 1581; x_wconf 78' lang='lat' dir='ltr'><strong>sq&#39;.</strong></span> <span class='ocrx_word' id='word_1_151' title='bbox 406 1530 509 1581; x_wconf 77' lang='lat' dir='ltr'><strong>leguntur⁷</strong></span> <span class='ocrx_word' id='word_1_152' title='bbox 530 1543 574 1569; x_wconf 88' lang='lat' dir='ltr'><strong>cum</strong></span> <span class='ocrx_word' id='word_1_153' title='bbox 593 1530 631 1569; x_wconf 83' lang='lat' dir='ltr'><strong>ista</strong></span> <span class='ocrx_word' id='word_1_154' title='bbox 650 1543 748 1569; x_wconf 83' lang='lat' dir='ltr'><strong>annorum</strong></span> <span class='ocrx_word' id='word_1_155' title='bbox 767 1529 789 1567; x_wconf 91' lang='grc' dir='ltr'><strong>Ρ.</strong></span> <span class='ocrx_word' id='word_1_156' title='bbox 844 1585 847 1589; x_wconf 16' lang='grc' dir='ltr'><strong>Δ</strong></span> 
     </span>
    </p>
   </div>
   <div class='ocr_carea' id='block_1_8' title="bbox 103 1603 528 1656">
    <p class='ocr_par' dir='ltr' id='par_1_8' title="bbox 103 1603 528 1656">
     <span class='ocr_line' id='line_1_19' title="bbox 103 1603 528 1656; baseline 0.002 -16"><span class='ocrx_word' id='word_1_157' title='bbox 103 1603 240 1653; x_wconf 86' lang='lat' dir='ltr'><strong>descriptione</strong></span> <span class='ocrx_word' id='word_1_158' title='bbox 256 1605 360 1644; x_wconf 89' lang='lat' dir='ltr'><strong>conciliari</strong></span> <span class='ocrx_word' id='word_1_159' title='bbox 375 1611 429 1643; x_wconf 89' lang='lat' dir='ltr'><strong>recte</strong></span> <span class='ocrx_word' id='word_1_160' title='bbox 444 1606 528 1656; x_wconf 81' lang='lat' dir='ltr'><strong>possint.</strong></span> 
     </span>
    </p>
   </div>
   <div class='ocr_carea' id='block_1_9' title="bbox 103 1754 237 1761">
    <p class='ocr_par' dir='ltr' id='par_1_9' title="bbox 103 1754 237 1761">
     <span class='ocr_line' id='line_1_20' title="bbox 103 1754 237 1761; baseline -0.007 0"><span class='ocrx_word' id='word_1_161' title='bbox 103 1754 237 1761; x_wconf 67' lang='lat'><strong>———.</strong></span> 
     </span>
    </p>
   </div>
   <div class='ocr_carea' id='block_1_10' title="bbox 102 1850 791 2065">
    <p class='ocr_par' dir='ltr' id='par_1_10' title="bbox 102 1850 791 2065">
     <span class='ocr_line' id='line_1_21' title="bbox 150 1850 791 1894; baseline 0.002 -12"><span class='ocrx_word' id='word_1_162' title='bbox 150 1851 178 1891; x_wconf 80' lang='lat'><strong>87)</strong></span> <span class='ocrx_word' id='word_1_163' title='bbox 195 1850 270 1883; x_wconf 89' lang='lat' dir='ltr'><strong>Omnino</strong></span> <span class='ocrx_word' id='word_1_164' title='bbox 283 1850 297 1881; x_wconf 92' lang='lat' dir='ltr'><strong>si</strong></span> <span class='ocrx_word' id='word_1_165' title='bbox 309 1851 328 1882; x_wconf 93' lang='lat' dir='ltr'><strong>P.</strong></span> <span class='ocrx_word' id='word_1_166' title='bbox 341 1852 385 1882; x_wconf 83' lang='lat' dir='ltr'><strong>istos</strong></span> <span class='ocrx_word' id='word_1_167' title='bbox 399 1851 421 1882; x_wconf 78' lang='lat'><strong>14</strong></span> <span class='ocrx_word' id='word_1_168' title='bbox 433 1860 488 1882; x_wconf 85' lang='lat' dir='ltr'><strong>annos</strong></span> <span class='ocrx_word' id='word_1_169' title='bbox 501 1851 522 1883; x_wconf 86' lang='lat' dir='ltr'><strong>ab</strong></span> <span class='ocrx_word' id='word_1_170' title='bbox 535 1861 556 1883; x_wconf 93' lang='lat' dir='ltr'><strong>eo</strong></span> <span class='ocrx_word' id='word_1_171' title='bbox 569 1855 656 1894; x_wconf 78' lang='lat' dir='ltr'><strong>tempore,</strong></span> <span class='ocrx_word' id='word_1_172' title='bbox 670 1860 704 1892; x_wconf 90' lang='lat' dir='ltr'><strong>qno</strong></span> <span class='ocrx_word' id='word_1_173' title='bbox 717 1850 739 1882; x_wconf 87' lang='lat' dir='ltr'><strong>ad</strong></span> <span class='ocrx_word' id='word_1_174' title='bbox 752 1850 791 1883; x_wconf 81' lang='lat' dir='ltr'><strong>Gal.</strong></span> 
     </span>
     <span class='ocr_line' id='line_1_22' title="bbox 103 1901 790 1950; baseline 0 -10"><span class='ocrx_word' id='word_1_175' title='bbox 103 1908 197 1949; x_wconf 78' lang='lat' dir='ltr'><strong>scribebat,</strong></span> <span class='ocrx_word' id='word_1_176' title='bbox 211 1913 257 1940; x_wconf 85' lang='lat' dir='ltr'><strong>retro</strong></span> <span class='ocrx_word' id='word_1_177' title='bbox 270 1912 397 1950; x_wconf 83' lang='lat' dir='ltr'><strong>computasset,</strong></span> <span class='ocrx_word' id='word_1_178' title='bbox 411 1907 503 1940; x_wconf 84' lang='lat' dir='ltr'><strong>dilucidius</strong></span> <span class='ocrx_word' id='word_1_179' title='bbox 516 1907 563 1940; x_wconf 88' lang='lat' dir='ltr'><strong>hand</strong></span> <span class='ocrx_word' id='word_1_180' title='bbox 576 1908 628 1940; x_wconf 83' lang='lat' dir='ltr'><strong>dubie</strong></span> <span class='ocrx_word' id='word_1_181' title='bbox 641 1908 747 1950; x_wconf 86' lang='lat' dir='ltr'><strong>scripsisset:</strong></span> <span class='ocrx_word' id='word_1_182' title='bbox 761 1901 790 1941; x_wconf 74' lang='grc' dir='ltr'><strong>διὰ</strong></span> 
     </span>
     <span class='ocr_line' id='line_1_23' title="bbox 102 1959 790 2008; baseline -0.004 -9"><span class='ocrx_word' id='word_1_183' title='bbox 102 1960 169 2000; x_wconf 72' lang='grc' dir='ltr'>τούτων</span> <span class='ocrx_word' id='word_1_184' title='bbox 188 1963 222 1999; x_wconf 64' lang='grc' dir='ltr'><strong>τών</strong></span> <span class='ocrx_word' id='word_1_185' title='bbox 242 1967 278 1999; x_wconf 69' lang='lat' dir='ltr'><strong>oea.</strong></span> <span class='ocrx_word' id='word_1_186' title='bbox 298 1963 349 1999; x_wconf 64' lang='lat' dir='ltr'><strong>troi.</strong></span> <span class='ocrx_word' id='word_1_187' title='bbox 378 1964 460 1997; x_wconf 80' lang='lat' dir='ltr'><strong>Ceterum</strong></span> <span class='ocrx_word' id='word_1_188' title='bbox 478 1965 523 1997; x_wconf 86' lang='lat' dir='ltr'><strong>hano</strong></span> <span class='ocrx_word' id='word_1_189' title='bbox 541 1966 591 1997; x_wconf 80' lang='lat' dir='ltr'><strong>verbi</strong></span> <span class='ocrx_word' id='word_1_190' title='bbox 610 1960 640 1999; x_wconf 80' lang='grc' dir='ltr'><strong>διά</strong></span> <span class='ocrx_word' id='word_1_191' title='bbox 659 1959 790 2008; x_wconf 77' lang='lat' dir='ltr'><strong>explicationem</strong></span> 
     </span>
     <span class='ocr_line' id='line_1_24' title="bbox 103 2021 727 2065; baseline 0.003 -12"><span class='ocrx_word' id='word_1_192' title='bbox 103 2022 208 2065; x_wconf 85' lang='lat' dir='ltr'><strong>(innerhalb)</strong></span> <span class='ocrx_word' id='word_1_193' title='bbox 220 2024 331 2064; x_wconf 85' lang='lat' dir='ltr'><strong>praeiverant</strong></span> <span class='ocrx_word' id='word_1_194' title='bbox 344 2024 379 2055; x_wconf 83' lang='lat' dir='ltr'><strong>iam</strong></span> <span class='ocrx_word' id='word_1_195' title='bbox 392 2021 490 2055; x_wconf 82' lang='lat' dir='ltr'><strong>Oederns</strong></span> <span class='ocrx_word' id='word_1_196' title='bbox 503 2028 521 2055; x_wconf 87' lang='lat' dir='ltr'><strong>et</strong></span> <span class='ocrx_word' id='word_1_197' title='bbox 533 2022 626 2055; x_wconf 81' lang='lat' dir='ltr'><strong>Wolfins</strong></span> <span class='ocrx_word' id='word_1_198' title='bbox 639 2023 657 2054; x_wconf 94' lang='lat' dir='ltr'><strong>in</strong></span> <span class='ocrx_word' id='word_1_199' title='bbox 670 2021 727 2055; x_wconf 81' lang='lat' dir='ltr'><strong>Curis.</strong></span> 
     </span>
    </p>
   </div>
   <div class='ocr_carea' id='block_1_11' title="bbox 0 0 866 3054">
    <p class='ocr_par' dir='ltr' id='par_1_11' title="bbox 0 0 866 3054">
     <span class='ocr_line' id='line_1_25' title="bbox 0 0 866 3054; baseline 0 0"><span class='ocrx_word' id='word_1_200' title='bbox 0 0 866 3054; x_wconf 95' lang='lat' dir='ltr'><strong> </strong></span> 
     </span>
    </p>
   </div>
  </div>
 </body>
</html>
