1723 3054
101 234 141 279 na
220 201 222 203 ’
346 235 491 276 uuouusus
506 237 566 297 m„

99 340 184 391 Gesetz)
200 341 229 379 als
245 341 289 378 eine
300 340 490 392 Zwisohenreligion
506 340 605 397 (μεσίτης
617 337 682 397 νόμος
696 342 709 380 i.
720 355 738 393 q.
752 342 787 396 μέ-

99 430 135 465 σσς
149 412 225 471 νόμσς)
246 415 357 466 attigeetellt
374 416 457 455 worden
478 416 540 454 durch
559 416 600 464 die,
620 417 695 455 welche
714 430 735 455 es
754 430 788 454 an-

98 492 201 529 znordnen
217 491 331 541 beauftragt
346 497 420 529 waren.
444 491 492 529 Was
508 492 556 530 aber
572 491 616 530 blos
627 491 690 529 Mittel
707 492 788 542 (Mittel-

100 567 192 616 ursaehe)
208 566 242 613 ist⁷
263 566 298 604 das
314 565 340 603 ist
355 565 409 604 nieht
424 564 567 617 selbststandig
583 566 735 618 (uud'einzigJ3
752 580 788 605 nur

99 638 149 678 Gott
167 640 193 679 ist
212 639 354 691 selbststandig
373 640 473 691 (einzign
503 640 642 679 Portentosam
661 653 709 679 sane
725 635 788 692 expli-

100 713 209 762 cationem,
233 728 291 765 quam
310 728 370 753 nemo
390 715 487 753 dubitabit
505 716 606 754 miraculis
626 716 734 767 exegeticis
753 716 788 754 ad-

98 792 215 827 numerare!
245 788 284 828 Sed
309 790 379 827 eodem
401 795 477 838 tamen,
500 791 517 829 si
537 791 566 828 rei
585 803 682 829 summam
701 798 787 841 spectas,

98 851 161 902 tendit
179 863 304 903 Sehwabii
319 864 450 904 Vimariensis
468 864 618 915 interpretatio,
638 879 696 916 quam
711 879 787 916 propo-

99 939 137 978 suit
157 939 176 976 in
195 938 257 978 libro:
276 938 403 989 Viertelj'a'hn
419 940 571 991 Mittheilungen
586 933 626 987 IV,
645 943 665 987 l,
681 954 699 990 p.
717 944 727 977 7
744 953 787 991 sqq.

99 1014 130 1052 Ita
145 1014 258 1053 enim-ille:
274 1014 370 1064 „peceati
386 1027 457 1054 caussa
472 1015 511 1053 lata
526 1020 556 1053 est
571 1015 622 1066 (lex)
638 1029 651 1052 a
665 1015 704 1054 diis
719 1015 788 1070 tutela-

99 1089 154 1128 ribus
174 1088 245 1139 populi
263 1089 337 1127 iudaici
357 1087 392 1139 (HJ
412 1086 519 1144 ἀγγέλων)
538 1103 575 1140 per
593 1089 674 1137 ulosen,
694 1090 726 1141 qui
746 1103 788 1128 mu-

357 1170 364 1202 l

99 1177 148 1202 nere
168 1164 255 1218 μεσίτου
274 1164 398 1215 fungerem,
421 1165 433 1201 i.
457 1178 472 1202 e.
497 1164 585 1203 auctoris
608 1169 670 1203 status
692 1165 787 1202 interimi·

80 1292 82 1294 v
99 1238 143 1277 stiei
160 1240 212 1289 (tt),
232 1239 342 1289 provisorii
361 1238 400 1289 (ll,
421 1239 454 1289 qui
474 1239 494 1280 ἐν
515 1239 572 1296 μέσῳ
592 1244 631 1277 stat
648 1239 700 1276 inter
715 1245 787 1278 statum

75 1297 78 1303 l
99 1314 164 1353 miuus
182 1313 302 1364 perfeetum,
322 1314 355 1364 qui
375 1314 440 1360 adest,
460 1320 478 1351 et
492 1312 633 1363 perfectiorem
649 1318 683 1350 aut
697 1313 787 1351 absolute

99 1378 208 1439 perfeetum
225 1395 244 1426 et
260 1389 372 1436 definitum,
388 1389 422 1440 qui
437 1392 573 1439 exspectatur.
597 1385 662 1426 Status
678 1401 726 1425 vero
742 1387 787 1425 talis

99 1464 248 1507 iriterinristious
264 1469 310 1502 tuno
325 1468 401 1502 tantum
421 1470 440 1501 et
455 1463 484 1502 ibi
498 1462 563 1503 solum
578 1463 645 1501 locum
661 1463 735 1501 habere
749 1475 788 1513 po-

99 1544 148 1586 test,
171 1551 216 1577 eum
238 1548 258 1577 et
275 1540 309 1577 nbi
328 1544 390 1578 status
409 1538 501 1577 definitus
521 1539 611 1576 nondum
630 1537 699 1588 perfici
716 1538 788 1589 potuit.

99 1614 146 1652 Hoc
161 1615 180 1651 in
197 1613 261 1652 Deum
278 1627 318 1652 non
339 1615 402 1661 eadit,
421 1614 442 1651 in
459 1613 503 1651 Deo
519 1614 571 1651 enim
588 1613 656 1661 omnia
671 1617 717 1650 sunt
731 1613 788 1651 firma

100 1694 119 1726 et
141 1689 240 1739 perfecta,
263 1685 316 1739 ᾓεὸς
338 1684 368 1739 εἷς
387 1689 453 1740 ἐστίν,
476 1702 555 1739 semper
572 1688 627 1727 idem
646 1694 685 1734 est,
705 1686 789 1725 consilia

100 1777 141 1802 non
160 1769 232 1811 mutat,
251 1764 332 1802 decreta
351 1777 391 1802 non
414 1765 517 1815 reprobat.
549 1763 645 1819 Μεσιζτης
667 1762 726 1813 igitur
747 1763 787 1800 nen

101 1844 164 1878 status
187 1839 248 1886 firmi,
272 1839 354 1890 perfecti
374 1836 441 1889 (ἑνός)
461 1845 532 1877 auctor
550 1843 590 1886 est,
613 1851 654 1875 non
673 1837 737 1875 effecit
757 1837 788 1874 dei

97 1915 193 1962 oonsilio,
210 1927 260 1966 (puae
276 1914 332 1952 firma
348 1921 394 1953 sunt
409 1916 466 1955 etad
476 1927 532 1955 omne
541 1927 604 1969 penus
615 1913 725 1957 durnunuut
734 1925 788 1965 per-

100 1990 172 2041 tinent,
196 1990 231 2028 sed
249 1990 403 2033 instrumentum
423 1991 479 2040 quasi
500 1988 546 2033 fuit,
568 2001 605 2038 per
625 1987 678 2038 quod
698 1987 725 2025 dii
740 1991 788 2025 tute-

100 2065 151 2103 lares
166 2065 237 2115 populi
252 2065 292 2103 iud
308 2066 349 2104 suis
364 2065 514 2116 prospexerint.
526 2087 553 2093 -
565 2062 676 2102 Consilium
692 2074 740 2100 vero
756 2062 787 2100 dei

99 2153 134 2190 per
151 2140 202 2179 hune
218 2146 288 2179 statum
300 2141 436 2191 provisorium
452 2140 607 2190 (legislationem
619 2137 736 2188 mosaicam)
752 2150 789 2175 neo

99 2215 178 2253 sublata
188 2216 217 2266 ῃ9)
232 2228 270 2253 neo
286 2216 347 2253 dilata
363 2222 392 2254 est
407 2219 459 2253 cet.“
485 2209 607 2253 Sententiam
623 2213 649 2250 ita
665 2213 713 2250 oriri
724 2199 788 2250 Paulo

100 2290 152 2328 haud
175 2290 286 2342 indignam,
310 2290 368 2330 facile
390 2291 486 2330 concedo,
525 2288 574 2337 Sed,
598 2290 693 2336 obseom,
717 2288 788 2339 quibus

102 2366 151 2404 liaeo
171 2366 268 2405 machinis
287 2372 307 2404 et
324 2367 429 2405 tormentis
449 2380 475 2404 ex
494 2365 589 2417 Apostoli
606 2365 673 2412 verbis
692 2377 789 2415 expressa

99 2443 137 2479 est!
168 2440 194 2479 Et
213 2443 265 2480 unde
285 2440 430 2480 Schwabius
450 2442 509 2480 habet
525 2441 596 2493 populi
615 2440 655 2478 iud.
671 2441 717 2481 deos
733 2443 789 2480 tute-

100 2518 169 2560 lares?
188 2519 291 2569 quomodo
310 2517 463 2566 demonstrabit,
483 2513 518 2560 διά
532 2516 552 2555 in
568 2515 605 2555 tali
619 2515 666 2554 loeo
682 2522 726 2553 esse
741 2514 753 2551 i.
770 2527 788 2564 q.

145 2754 173 2797 99)
187 2752 234 2787 Cedo
247 2753 300 2796 quid?
315 2763 357 2785 num
374 2754 441 2787 nortaldi
454 2753 557 2790 uocabulum
570 2756 597 2785 est
609 2751 697 2784 muliebris
711 2739 790 2794 ueneris?
