1723 3054
344 231 402 269 GAP.
417 232 454 270 III.
474 245 491 270 v.
509 235 541 270 20.
760 230 788 274 87

98 335 235 376 Deusauteni
253 347 313 383 unus,
330 348 369 372 unu
384 335 474 385 (altera)
489 336 628 373 tantummodo
643 348 692 385 pars
709 333 787 384 est²⁶]:

99 411 166 461 itaque
178 421 276 459 quaenam
288 415 317 447 est
327 409 403 448 altera?
418 421 467 460 gens
477 409 542 447 israel.
565 409 610 447 dnm
622 410 640 448 si
650 410 698 457 hcc,
713 402 787 459 sponte

99 484 196 530 efficitur,
215 482 279 533 legem
295 496 344 522 mos.
360 484 461 534 pertinere
476 483 536 520 etiam
553 484 577 520 ad
592 483 693 531 ludaeos,
708 484 787 534 hosque
833 528 840 531 ,p

100 558 140 608 legi
155 557 188 596 isti
199 558 342 596 observandae
358 558 464 606 adstrictos
482 557 550 595 fuisse.
580 556 632 595 Puto
648 558 718 608 igitur,
733 558 787 596 hunc

99 644 143 670 esse
158 632 299 670 sententiarum
316 646 401 671 nexum:
420 645 462 670 non
477 632 570 669 uidentur
585 632 657 679 rerba,
676 632 701 668 de
716 632 787 681 quibus

99 707 209 757 quaeritur,
222 708 348 760 pritndrlans
363 707 464 758 quandam
479 706 596 745 sententiam
613 706 726 753 continere,
741 706 760 743 b.
772 720 787 742 c.

99 780 167 828 talem,
190 794 241 832 quae
260 782 374 820 necessario
393 782 492 832 pertineat
510 781 535 818 ad
554 781 606 819 banc
624 780 787 830 disputationem,

93 1041 155 1075 uena:
170 1033 205 1064 Gott
218 1033 259 1065 alter·
271 1033 294 1065 ist
307 1032 354 1065 ctucr
368 1033 403 1073 (clu
416 1033 498 1073 etampes,
512 1032 558 1064 rrieltl
570 1031 637 1072 zwcl),
650 1036 702 1073 atque
716 1031 787 1072 videbis,

98 1098 134 1121 non
149 1098 193 1130 opus
210 1098 248 1121 esse
263 1089 346 1129 articulc;
367 1099 466 1131 quanquam
480 1090 609 1130 potatissc‘eum
622 1088 663 1120 addi
675 1088 722 1121 baud
734 1098 788 1131 nego:

101 1147 137 1179 Gon
148 1146 171 1178 ist
181 1146 212 1180 ster
225 1147 267 1180 cluo,
291 1146 372 1187 Denique
385 1156 420 1178 non
432 1146 520 1188 intelligo,
534 1156 568 1187 qua
579 1146 648 1178 ratione
661 1144 788 1178 Schmiede-

98 1213 135 1234 rus
148 1204 259 1245 aposiopesin
272 1204 288 1235 h,
302 1204 313 1235 l,
328 1203 388 1236 duram
401 1214 439 1235 esse
451 1204 521 1235 iudicet.
538 1203 620 1235 Profecto
633 1203 648 1235 si
659 1203 703 1235 llaec
715 1204 788 1235 seorsim

99 1260 163 1301 scripta
175 1265 246 1304 essentq
256 1252 319 1299 tuate
332 1258 356 1300 εἷς
369 1259 425 1304 ἐστίν,
438 1271 490 1293 uerno
502 1265 562 1303 posset
575 1258 599 1300 εἷς
612 1261 633 1291 de
646 1262 699 1293 atter-0
712 1260 788 1301 quodam
838 1277 839 1280 =

99 1318 192 1360 explicare3
211 1318 242 1349 scd
258 1328 297 1349 curn
312 1318 406 1359 praecedat
423 1310 431 1352 ὁ
448 1317 471 1352 δὲ
488 1330 536 1361 pcc,
551 1312 598 1356 ἑνὸς
611 1312 650 1351 οὖν.
664 1316 731 1360 ἐστίν,
744 1327 789 1358 qnae

98 1376 152 1407 verba
163 1379 210 1407 recte
222 1376 267 1407 verti
279 1379 361 1418 possunt:
380 1376 466 1416 interpres
478 1386 511 1408 nitu
524 1376 609 1408 celticius
622 1375 706 1417 (partis),
722 1374 788 1405 unicui-

99 1442 132 1474 que
143 1433 224 1474 patebat,
238 1433 259 1464 de
272 1434 336 1466 stitutus
349 1433 377 1464 bic
392 1433 471 1475 partibus
489 1434 557 1474 quaeri,
573 1433 640 1473 itaque,
658 1433 672 1464 si
687 1432 750 1473 Apost.
767 1431 788 1462 de

98 1499 131 1523 stud
143 1490 266 1522 tantummodo
278 1493 329 1532 parte
345 1489 407 1530 addat,
427 1491 498 1522 alterans
514 1490 577 1521 debere
593 1499 603 1520 a
618 1488 712 1520 lectoribus
729 1488 786 1520 adiici.

97 1546 134 1579 Nec
145 1550 214 1589 poterat
227 1548 318 1588 quisquam
331 1547 393 1578 dubius
409 1547 490 1588 haerere,
507 1557 551 1588 quae
567 1551 612 1580 esset
627 1548 661 1579 ista
674 1546 729 1578 altera
740 1555 786 1587 pars.

98 1604 125 1635 De
136 1604 176 1646 lege
189 1605 234 1635 enim
247 1614 257 1636 a
268 1604 307 1636 Deo
320 1605 366 1646 penti
379 1606 436 1637 israel.
449 1605 539 1646 proposita
551 1605 615 1646 agitur.

147 1694 227 1736 QsslNon
239 1700 290 1737 puto,
303 1700 323 1727 ut
335 1696 378 1727 Ven,
392 1696 501 1728 Lucckius
515 1695 574 1737 (theol.
582 1695 657 1729 Studien
669 1695 705 1726 und
717 1695 762 1727 Krit.
774 1695 789 1728 Ι.

99 1764 116 1795 p.
130 1753 164 1794 86.)
178 1753 248 1794 statuit,
266 1751 304 1787 ἐστι
315 1754 392 1795 pesitum
405 1762 443 1784 esse
454 1763 486 1794 pro
502 1744 534 1796 filu
549 1753 638 1795 praesenti
650 1753 706 1784 utitur
717 1752 738 1784 P.
750 1755 789 1783 tan-

99 1820 151 1851 quam
166 1810 185 1842 in
201 1819 228 1850 re,
248 1810 269 1841 de
282 1820 316 1851 qun
328 1820 371 1843 urciso
384 1811 473 1852 quaeritur
486 1810 544 1851 (nicht
556 1811 582 1842 als
594 1809 697 1856 geschichtl.
708 1809 788 1849 Factum,

99 1867 173 1899 sondern
189 1867 215 1898 als
232 1865 345 1907 Gegenstand
361 1866 392 1898 der
408 1864 549 1908 gegenuartigcn
566 1867 733 1908 Argumentationlt
748 1867 789 1900 con

99 1926 140 1958 uber
152 1926 176 1957 ist
188 1923 290 1965 (erschetnt,
303 1923 351 1955 stellt
364 1923 400 1955 sich
412 1924 449 1965 dar)
462 1925 480 1955 in
493 1924 523 1955 der
535 1934 578 1956 mos.
589 1923 692 1965 Gesetzgeb.
702 1923 727 1955 als
736 1924 789 1956 cister.

98 1982 161 2015 Parum
180 1982 233 2013 etiam
248 1981 282 2013 hoc
296 1991 324 2013 me
339 1985 406 2022 movet,
424 1981 470 2023 quod
482 1982 509 2013 vir
520 1982 620 2024 praeclarus
632 1981 709 2029 mihique
720 1981 749 2023 pie
761 1990 789 2011 cc-

97 2040 161 2072 lendus
177 2039 227 2071 dicit:
246 2039 277 2071 das
294 2038 315 2073 δέ
332 2039 360 2079 (in
371 2049 388 2071 v.
403 2032 411 2074 d
424 2036 445 2073 δὲ
457 2033 499 2079 ᾓεὲς
512 2040 555 2080 cet.)
568 2039 636 2071 scheint
649 2026 693 2071 eben
705 2037 788 2078 dudurolr,

100 2098 140 2129 [lass
153 2107 170 2129 es
187 2097 226 2128 dem
242 2100 301 2138 negat.
315 2089 323 2131 ὁ
337 2094 357 2130 δὲ
371 2107 410 2139 pso.
423 2101 456 2128 cet.
474 2096 505 2128 das
521 2096 624 2128 affirmative
639 2090 647 2130 ὁ
661 2090 702 2135 &sig
714 2093 738 2135 εἷς
751 2094 789 2130 ἐστι

100 2154 255 2196 gegendberstellt,
275 2154 394 2194 anzudenten,
414 2153 454 2186 dass
469 2154 520 2186 beide
536 2152 588 2188 Sbtze
604 2153 635 2186 auf
648 2153 724 2194 gleicher
737 2153 789 2184 Linie

99 2212 130 2243 der
141 2211 278 2253 Allgemeinheit
291 2211 372 2243 stehen.“
395 2210 440 2243 Nam
453 2212 468 2243 si
484 2212 517 2244 hoc
533 2222 603 2252 verum,
621 2220 710 2251 nunquam
725 2210 789 2241 licebat
833 2204 834 2208 ¹

99 2268 170 2301 Graecis
188 2269 207 2299 in
223 2268 372 2309 conclusionibus,
389 2278 462 2308 quarum
474 2270 611 2311 propositionem
623 2267 739 2300 universalem
751 2277 789 2310 spe-

99 2326 147 2358 cialis
165 2325 236 2367 excipit,
257 2323 278 2358 δέ
294 2324 356 2356 dicere.
380 2323 410 2365 ld,
426 2326 465 2366 quis
480 2325 586 2357 contendere
602 2325 658 2357 ausit?
675 2326 733 2357 Haec:
746 2328 789 2358 llczu

100 2393 162 2425 expers
175 2387 201 2417 cst
212 2382 334 2423 corruptionis,
351 2383 447 2416 Alexander
463 2388 518 2416 utitem
531 2383 634 2423 corruptioni
647 2383 730 2416 ounoatns
741 2383 788 2416 stett-

99 2446 126 2475 tur
138 2442 156 2474 iu
168 2441 245 2474 luctantis
258 2441 306 2482 (ergo
319 2439 348 2471 Al.
360 2449 396 2471 non
407 2439 441 2472 fuit
452 2440 492 2482 D.),
505 2440 565 2481 quidni
576 2442 667 2483 potuerint
679 2441 697 2471 in
709 2440 789 2482 populari
812 2443 814 2446 ’

99 2503 147 2531 certe
161 2499 241 2531 oratione
254 2499 280 2530 ita
293 2497 373 2539 exprimi,
386 2501 406 2529 ut
419 2498 498 2540 specialis
511 2499 606 2540 sententia,
619 2497 739 2530 intercedente
751 2507 789 2529 voc.

100 2556 130 2599 δέ]
144 2567 154 2589 a
167 2556 244 2598 generali
257 2557 292 2588 ista
303 2556 414 2587 necteretur?
431 2555 493 2597 Itaque
508 2565 543 2588 non
559 2565 597 2588 voc.
613 2555 643 2598 δέ,
655 2565 691 2587 non
705 2559 790 2597 angustae

101 2613 200 2644 sententiae
214 2623 253 2644 cuni
265 2613 318 2645 latius
330 2616 402 2655 patente
414 2613 508 2654 connexio,
520 2612 552 2644 sed
563 2613 601 2655 ipse
613 2613 643 2645 ille
656 2623 725 2654 sensus,
739 2622 790 2653 quem

99 2671 116 2701 in
128 2670 185 2701 verbis
199 2663 207 2703 ὁ
221 2671 238 2705 5.
252 2667 276 2709 εἷς
289 2669 324 2705 ἐστ.
338 2670 409 2702 subesse
420 2670 455 2702 iam
469 2670 536 2712 pridem
551 2671 583 2702 sibi
599 2674 717 2713 persuaserat,
732 2669 790 2700 virum
845 2670 847 2674 ’

99 2727 170 2758 doctum
182 2726 204 2757 iu
213 2727 267 2759 istam
279 2728 348 2775 uidetur
361 2727 451 2760 deduxisse
464 2727 569 2770 opinionem.
588 2748 591 2751 x
