1723 3054
81 226 110 270 64
257 225 424 267 ΑΝΝΟΤΑΤΙΟ
440 226 594 290 PnaPuTUA.

84 335 93 369 l
111 330 158 370 Gor.
174 333 197 378 5,
216 332 259 382 11.)
275 331 347 370 interd.
363 332 472 384 generatim
492 336 558 369 notat:
583 331 666 370 alicuius
686 343 770 370 consue-

82 407 160 454 tudine,
176 405 311 445 familiaritate
322 407 360 454 uti;
374 407 393 446 h.
407 412 473 445 autem
487 406 534 444 loco
551 407 628 444 videtur
644 405 770 457 potissimum

81 481 187 534 repuleram
198 482 307 521 cuminaria
319 481 438 532 significari,
454 493 466 518 a
480 493 519 531 qua
533 493 656 531 magnopere
672 481 770 520 abhorru-

81 560 149 602 erunt,
171 554 205 605 qui
222 567 312 593 severam
331 555 456 606 disciplinam
475 555 515 593 iud.
535 556 666 594 sectabuntur
686 565 705 594 u.
725 556 770 593 Act.
825 591 827 593 .

84 632 117 677 11,
127 632 145 667 3.
157 629 203 668 coll.
217 631 292 677 1519.
307 652 336 658 -
351 629 420 671 rinoce-
433 630 491 672 ἕαντ.
503 635 534 668 est
549 630 600 670 clem
616 643 636 670 se
652 630 770 679 subducere,

82 703 221 758 sttbterfiegyere
236 702 308 754 Polyb.
322 706 339 752 1,
353 706 384 741 16.
399 707 429 741 10.
452 703 573 754 Imperfecta
589 710 655 741 autem
671 696 771 753 pertinent

83 779 109 816 ad
124 778 153 815 rei
169 771 317 816 diuturnitatem
333 778 490 828 significandam.
506 802 534 807 -
548 778 573 816 V.
592 780 623 816 13,
639 774 701 820 Ἰονδ.
717 778 737 815 h.
754 791 770 821 e,f

82 851 193 890 Christiani
208 865 219 890 e
234 851 324 891 Judaeis.
354 852 415 891 Vero,
435 866 544 907 σνννποκρ-
564 853 609 890 eod.
629 864 689 891 seusu
708 852 771 890 habos

82 940 114 977 op.
130 926 202 978 Polyb.
219 929 242 974 3,
259 929 292 964 ee.
309 929 327 965 5.
357 926 457 965 Plutarch.
473 928 494 965 in
510 928 574 965 llario
591 940 607 965 c.
626 929 657 964 17.
673 927 706 977 (p.
722 911 770 964 415.

83 1001 177 1052 Myr).
196 997 248 1050 ὥςτε
263 1001 351 1052 iungitur
361 1002 380 1039 h.
390 1001 403 1039 l.
419 1001 528 1040 indicativo
544 1001 600 1051 (nam
616 1002 670 1052 quod
685 1000 706 1039 iu
721 1014 771 1039 nou-

84 1076 145 1114 nullis
160 1076 217 1114 libris
233 1082 263 1114 est
278 1071 331 1125 ὥςτε
347 1076 511 1133 σνναπαχῇῆναι
530 1089 556 1114 ex
571 1075 690 1114 emendandi
704 1076 770 1114 studio

83 1150 159 1201 fiuxit),
183 1154 205 1187 ut
223 1162 254 1199 ap.
274 1147 365 1188 Graecos
385 1150 483 1198 crebrius,
507 1163 566 1201 quam
584 1150 645 1201 vulgo
665 1155 737 1200 putant
751 1163 769 1188 v.

83 1223 172 1264 Gramm.
188 1222 214 1262 N.
229 1223 253 1261 T.
269 1237 289 1274 p.
306 1226 354 1262 269.
376 1247 404 1252 —
426 1222 464 1266 καὶ
478 1226 541 1281 Βαρν.
561 1225 605 1275 ipse
624 1225 684 1265 etlam
703 1227 771 1285 Barea,

85 1299 175 1350 alioquin
183 1297 285 1336 Paullinae
297 1298 424 1348 disciplinae,
439 1312 490 1350 quae
505 1301 530 1337 ad
546 1298 629 1350 gentiles
645 1300 771 1349 potissimum

83 1374 195 1424 spectabat,
216 1373 382 1420 studiosissimus,
403 1373 471 1424 magui
491 1374 579 1423 apostoli
594 1373 688 1424 exemplo
705 1380 771 1412 motus

83 1453 114 1487 est
128 1453 164 1487 oet.
180 1470 208 1477 —-
227 1458 299 1489 σνναπ.
315 1447 342 1503 τῇ
359 1446 390 1490 ria.
406 1448 501 1497 abreptus
516 1453 546 1486 est
561 1448 638 1498 etipse
654 1460 722 1488 ceram
738 1449 771 1488 si-

83 1523 154 1563 uuclete'
167 1535 191 1562 ae
208 1522 243 1573 (sc.
259 1522 284 1559 ad
296 1523 380 1560 eandem
391 1522 575 1572 dissimulationem)
593 1522 617 1560 cf.
628 1525 638 1558 2
648 1521 700 1560 Petr.
711 1524 729 1569 3,
741 1525 772 1561 li,

83 1595 165 1634 Philox,
180 1599 247 1634 vertit:
268 1597 294 1637 ud
310 1608 379 1636 eoram
394 1596 548 1637 sirualatteaam:
565 1608 588 1634 ea
604 1597 682 1647 etipsa
697 1602 728 1634 est
742 1597 772 1635 vis

84 1671 155 1718 dativi,
171 1684 189 1708 v.
201 1659 291 1720 suprar.
304 1674 332 1717 5„
349 1670 385 1709 sed
399 1669 463 1718 Paull.
478 1671 506 1708 ita
521 1671 611 1709 dicturus
627 1670 698 1709 fuisset
713 1684 771 1721 prae·
792 1724 797 1727 ἡ

83 1745 180 1787 verbium.
200 1744 258 1796 Vulg.
274 1744 402 1786 saumatam
417 1750 566 1787 cortsertseruut.

141 1819 165 1857 V.
184 1822 215 1856 14.
246 1815 319 1875 ὂρῇοπ.
335 1832 377 1857 vox
393 1815 451 1871 ἅπαξ
466 1820 581 1876 λεγομένη,
604 1832 654 1870 quae
670 1819 717 1870 quid
733 1819 772 1858 sibi

82 1894 139 1942 uelit,
162 1899 234 1945 sponte
256 1898 320 1944 patet,
341 1899 396 1935 recte
417 1894 508 1936 incedere
526 1899 556 1933 est
579 1895 616 1945 (cf.
636 1894 771 1949 περιπατεῖν)

83 1975 138 2008 recte
152 1968 227 2008 sentire
242 1973 261 2006 et
276 1981 337 2019 agere
353 1964 523 2024 (ὂρξνοπραγεῖν),
547 1966 603 2017 Quae
620 1977 685 2006 antem
702 1981 773 2006 norma
828 1950 833 1953 μ

83 2044 131 2081 insit
146 2048 199 2080 recta
215 2042 275 2088 ratio,
291 2042 361 2079 dicitur
373 2042 439 2081 verbis
455 2040 506 2098 πρὸς
520 2040 559 2098 τὴν
576 2039 631 2098 &trib
647 2051 683 2081 cet.
701 2041 772 2094 Nuga-

83 2123 116 2155 tur
131 2118 155 2155 de
170 2117 227 2155 vocis
247 2116 324 2166 origine
342 2116 404 2153 Tan.
423 2115 502 2168 Faber
517 2116 575 2166 epist.
592 2115 685 2165 (Salmur.
704 2118 773 2167 ttae.)

84 2206 103 2242 p.
121 2194 146 2230 75
163 2205 192 2242 sq.
212 2191 237 2229 cf.
256 2190 373 2242 Deyling.
393 2190 472 2229 observ.
488 2202 537 2228 sarr.
553 2190 584 2238 ΙΙ,
604 2204 624 2241 p.
640 2192 681 2228 520
697 2204 726 2242 sq.
747 2213 772 2219 -κ

86 2267 147 2321 &pap
162 2262 224 2309 πάντ.
240 2266 261 2316 (1
273 2265 325 2303 Tim.
335 2269 354 2313 5,
366 2265 408 2317 20.)
424 2265 519 2316 quoniam
535 2266 648 2304 communis
665 2265 773 2304 multorum

58 2357 60 2359 ·
84 2341 151 2379 fuerat
165 2341 190 2377 ad
205 2341 272 2391 magni
287 2347 351 2390 apost.
367 2340 482 2390 exemplum
500 2340 608 2379 simulatio.
632 2334 660 2368 -’-
683 2340 775 2389 §poinde

85 2421 145 2466 atque
160 2416 210 2453 adeo
228 2415 316 2465 neglecta
332 2415 439 2465 disciplina
453 2414 533 2453 iudaiea
548 2427 575 2453 sc.
591 2414 626 2452 illa
641 2415 774 2464 potissimum,

86 2502 136 2540 quae
152 2490 176 2526 ad
193 2490 284 2527 ciborum
299 2489 407 2527 discrimen
420 2489 538 2540 pertinebat.
562 2488 607 2537 πῶς
623 2501 661 2541 pree
677 2489 722 2528 titre
739 2488 775 2540 (illi

48 2598 50 2602 ,
85 2564 138 2602 enim
153 2563 205 2601 idem
223 2564 299 2602 faciunt
317 2563 372 2614 quod
388 2565 431 2612 tu),
455 2575 481 2601 ex
500 2564 580 2614 optimis
595 2563 652 2601 libris
667 2561 774 2612 (ABOD

83 2636 166 2690 EFG)
189 2638 250 2675 scribi
272 2639 330 2677 iussit
352 2637 533 2677 Griesbachius
552 2624 590 2688 pro
609 2636 640 2688 τί,
660 2638 715 2688 quod
733 2650 774 2676 ser-

86 2720 119 2752 vat
137 2713 302 2759 Matthaeius3
325 2713 434 2752 Vaterus
451 2713 523 2751 mirum
538 2713 558 2751 iu
574 2713 655 2751 modurn
672 2718 775 2763 utrumque
