<?xml version="1.0" encoding="UTF-8"?>
<!DOCTYPE html PUBLIC "-//W3C//DTD XHTML 1.0 Transitional//EN"
    "http://www.w3.org/TR/xhtml1/DTD/xhtml1-transitional.dtd">
<html xmlns="http://www.w3.org/1999/xhtml" xml:lang="en" lang="en">
 <head>
  <title>
</title>
<meta http-equiv="Content-Type" content="text/html;charset=utf-8" />
  <meta name='ocr-system' content='tesseract 3.04.00' />
  <meta name='ocr-capabilities' content='ocr_page ocr_carea ocr_par ocr_line ocrx_word'/>
</head>
<body>
  <div class='ocr_page' id='page_1' title='image "MN41966ucmf_4_0043.png"; bbox 0 0 1723 3054; ppageno 0'>
   <div class='ocr_carea' id='block_1_1' title="bbox 263 202 793 283">
    <p class='ocr_par' dir='ltr' id='par_1_1' title="bbox 263 202 793 283">
     <span class='ocr_line' id='line_1_1' title="bbox 263 202 793 283; baseline 0.006 -13"><span class='ocrx_word' id='word_1_1' title='bbox 263 202 482 271; x_wconf 74' lang='lat' dir='ltr'>reonnconnrn.</span> <span class='ocrx_word' id='word_1_2' title='bbox 498 232 515 283; x_wconf 62' lang='lat' dir='ltr'>a.</span> <span class='ocrx_word' id='word_1_3' title='bbox 528 235 546 272; x_wconf 78' lang='lat' dir='ltr'>a.</span> <span class='ocrx_word' id='word_1_4' title='bbox 563 235 583 271; x_wconf 87' lang='lat'>4.</span> <span class='ocrx_word' id='word_1_5' title='bbox 729 227 766 273; x_wconf 75' lang='grc'>,17</span> <span class='ocrx_word' id='word_1_6' title='bbox 787 264 793 266; x_wconf 93' lang='grc'>.</span> 
     </span>
    </p>
   </div>
   <div class='ocr_carea' id='block_1_2' title="bbox 74 355 768 656">
    <p class='ocr_par' dir='ltr' id='par_1_2' title="bbox 74 355 768 656">
     <span class='ocr_line' id='line_1_2' title="bbox 74 355 767 414; baseline -0.007 -12"><span class='ocrx_word' id='word_1_7' title='bbox 74 359 143 403; x_wconf 89' lang='lat' dir='ltr'>oritur</span> <span class='ocrx_word' id='word_1_8' title='bbox 165 358 282 401; x_wconf 80' lang='lat' dir='ltr'>verborum</span> <span class='ocrx_word' id='word_1_9' title='bbox 296 356 428 413; x_wconf 14' lang='lat' dir='ltr'>&gt;*obscuritas</span> <span class='ocrx_word' id='word_1_10' title='bbox 451 360 489 398; x_wconf 85' lang='lat' dir='ltr'>aut</span> <span class='ocrx_word' id='word_1_11' title='bbox 504 356 659 414; x_wconf 72' lang='lat' dir='ltr'>ambiguitas),</span> <span class='ocrx_word' id='word_1_12' title='bbox 684 355 767 398; x_wconf 88' lang='lat' dir='ltr'>maiore</span> 
     </span>
     <span class='ocr_line' id='line_1_3' title="bbox 76 434 768 495; baseline -0.006 -12"><span class='ocrx_word' id='word_1_13' title='bbox 76 439 142 484; x_wconf 87' lang='lat' dir='ltr'>etiam</span> <span class='ocrx_word' id='word_1_14' title='bbox 161 438 184 481; x_wconf 94' lang='lat' dir='ltr'>in</span> <span class='ocrx_word' id='word_1_15' title='bbox 202 437 269 480; x_wconf 88' lang='lat' dir='ltr'>rebus</span> <span class='ocrx_word' id='word_1_16' title='bbox 289 435 433 495; x_wconf 82' lang='lat' dir='ltr'>disponendis</span> <span class='ocrx_word' id='word_1_17' title='bbox 449 434 526 480; x_wconf 81' lang='lat' dir='ltr'>ordine</span> <span class='ocrx_word' id='word_1_18' title='bbox 541 452 567 479; x_wconf 92' lang='lat' dir='ltr'>ac</span> <span class='ocrx_word' id='word_1_19' title='bbox 581 436 693 480; x_wconf 72' lang='lat' dir='ltr'>facilitate.</span> <span class='ocrx_word' id='word_1_20' title='bbox 724 434 768 486; x_wconf 81' lang='lat' dir='ltr'>Oe-</span> 
     </span>
     <span class='ocr_line' id='line_1_4' title="bbox 74 516 768 575; baseline -0.003 -13"><span class='ocrx_word' id='word_1_21' title='bbox 74 526 146 563; x_wconf 84' lang='lat' dir='ltr'>terum</span> <span class='ocrx_word' id='word_1_22' title='bbox 164 534 210 561; x_wconf 91' lang='lat' dir='ltr'>non</span> <span class='ocrx_word' id='word_1_23' title='bbox 227 517 294 561; x_wconf 85' lang='lat' dir='ltr'>modo</span> <span class='ocrx_word' id='word_1_24' title='bbox 314 533 363 561; x_wconf 86' lang='lat' dir='ltr'>oum</span> <span class='ocrx_word' id='word_1_25' title='bbox 382 517 476 575; x_wconf 89' lang='lat' dir='ltr'>epistola</span> <span class='ocrx_word' id='word_1_26' title='bbox 491 517 520 560; x_wconf 90' lang='lat' dir='ltr'>ad</span> <span class='ocrx_word' id='word_1_27' title='bbox 533 516 646 560; x_wconf 85' lang='lat' dir='ltr'>Romanos</span> <span class='ocrx_word' id='word_1_28' title='bbox 662 516 701 561; x_wconf 90' lang='lat' dir='ltr'>sed</span> <span class='ocrx_word' id='word_1_29' title='bbox 717 532 768 561; x_wconf 83' lang='lat' dir='ltr'>cum</span> 
     </span>
     <span class='ocr_line' id='line_1_5' title="bbox 75 599 767 656; baseline -0.003 -13"><span class='ocrx_word' id='word_1_30' title='bbox 75 599 113 643; x_wconf 88' lang='lat' dir='ltr'>illa</span> <span class='ocrx_word' id='word_1_31' title='bbox 130 599 205 656; x_wconf 76' lang='lat' dir='ltr'>etiam,</span> <span class='ocrx_word' id='word_1_32' title='bbox 222 615 278 656; x_wconf 82' lang='lat' dir='ltr'>quae</span> <span class='ocrx_word' id='word_1_33' title='bbox 287 599 397 643; x_wconf 78' lang='lat' dir='ltr'>Hebraeis</span> <span class='ocrx_word' id='word_1_34' title='bbox 408 599 514 656; x_wconf 85' lang='lat' dir='ltr'>inscripta</span> <span class='ocrx_word' id='word_1_35' title='bbox 525 604 566 655; x_wconf 79' lang='lat' dir='ltr'>est—⁷</span> <span class='ocrx_word' id='word_1_36' title='bbox 581 613 662 654; x_wconf 79' lang='lat' dir='ltr'>magna</span> <span class='ocrx_word' id='word_1_37' title='bbox 671 604 767 654; x_wconf 79' lang='lat' dir='ltr'>nostrae,</span> 
     </span>
    </p>
   </div>
   <div class='ocr_carea' id='block_1_3' title="bbox 41 677 848 739">
    <p class='ocr_par' dir='ltr' id='par_1_3' title="bbox 41 677 848 739">
     <span class='ocr_line' id='line_1_6' title="bbox 41 677 848 739; baseline -0.004 -16"><span class='ocrx_word' id='word_1_38' title='bbox 41 694 50 699; x_wconf 43' lang='lat'>⁸</span> <span class='ocrx_word' id='word_1_39' title='bbox 77 680 138 739; x_wconf 79' lang='lat' dir='ltr'>quod</span> <span class='ocrx_word' id='word_1_40' title='bbox 157 681 275 724; x_wconf 88' lang='lat' dir='ltr'>sententias</span> <span class='ocrx_word' id='word_1_41' title='bbox 291 685 387 738; x_wconf 71' lang='lat' dir='ltr'>spectat,</span> <span class='ocrx_word' id='word_1_42' title='bbox 411 678 528 723; x_wconf 68' lang='lat' dir='ltr'>intercedit</span> <span class='ocrx_word' id='word_1_43' title='bbox 546 677 667 722; x_wconf 85' lang='lat' dir='ltr'>similitudo</span> <span class='ocrx_word' id='word_1_44' title='bbox 686 693 712 721; x_wconf 87' lang='lat' dir='ltr'>ac</span> <span class='ocrx_word' id='word_1_45' title='bbox 730 694 768 721; x_wconf 95' lang='lat' dir='ltr'>ne·</span> <span class='ocrx_word' id='word_1_46' title='bbox 846 680 848 682; x_wconf 79' lang='grc'><strong>’</strong></span> 
     </span>
    </p>
   </div>
   <div class='ocr_carea' id='block_1_4' title="bbox 73 758 769 980">
    <p class='ocr_par' dir='ltr' id='par_1_4' title="bbox 73 758 769 980">
     <span class='ocr_line' id='line_1_7' title="bbox 77 758 768 818; baseline -0.004 -14"><span class='ocrx_word' id='word_1_47' title='bbox 77 762 168 809; x_wconf 81' lang='lat' dir='ltr'>cessitas</span> <span class='ocrx_word' id='word_1_48' title='bbox 176 762 218 818; x_wconf 70' lang='grc'>40);</span> <span class='ocrx_word' id='word_1_49' title='bbox 234 777 310 804; x_wconf 86' lang='lat' dir='ltr'>verum</span> <span class='ocrx_word' id='word_1_50' title='bbox 325 760 348 803; x_wconf 91' lang='lat' dir='ltr'>id</span> <span class='ocrx_word' id='word_1_51' title='bbox 359 761 471 818; x_wconf 82' lang='lat' dir='ltr'>copiosius</span> <span class='ocrx_word' id='word_1_52' title='bbox 483 760 593 818; x_wconf 84' lang='lat' dir='ltr'>explicare</span> <span class='ocrx_word' id='word_1_53' title='bbox 603 775 649 802; x_wconf 92' lang='lat' dir='ltr'>non</span> <span class='ocrx_word' id='word_1_54' title='bbox 660 764 693 802; x_wconf 91' lang='lat' dir='ltr'>est</span> <span class='ocrx_word' id='word_1_55' title='bbox 702 758 768 801; x_wconf 85' lang='lat' dir='ltr'>huius</span> 
     </span>
     <span class='ocr_line' id='line_1_8' title="bbox 73 837 769 899; baseline -0.003 -15"><span class='ocrx_word' id='word_1_56' title='bbox 73 837 132 897; x_wconf 84' lang='lat' dir='ltr'>loci,</span> <span class='ocrx_word' id='word_1_57' title='bbox 148 842 244 899; x_wconf 84' lang='lat' dir='ltr'>pertinet</span> <span class='ocrx_word' id='word_1_58' title='bbox 258 842 329 899; x_wconf 79' lang='lat' dir='ltr'>magis</span> <span class='ocrx_word' id='word_1_59' title='bbox 344 841 373 884; x_wconf 87' lang='lat' dir='ltr'>ad</span> <span class='ocrx_word' id='word_1_60' title='bbox 387 840 529 885; x_wconf 81' lang='lat' dir='ltr'>illustrandas</span> <span class='ocrx_word' id='word_1_61' title='bbox 542 840 649 899; x_wconf 85' lang='lat' dir='ltr'>epistolae</span> <span class='ocrx_word' id='word_1_62' title='bbox 659 839 769 883; x_wconf 84' lang='lat' dir='ltr'>Hebraeis</span> 
     </span>
     <span class='ocr_line' id='line_1_9' title="bbox 76 921 289 980; baseline 0 -16"><span class='ocrx_word' id='word_1_63' title='bbox 76 922 171 978; x_wconf 84' lang='lat' dir='ltr'>scriptae</span> <span class='ocrx_word' id='word_1_64' title='bbox 187 921 289 980; x_wconf 80' lang='lat' dir='ltr'>origines.</span> 
     </span>
    </p>
   </div>
   <div class='ocr_carea' id='block_1_5' title="bbox 334 1328 456 1388">
    <p class='ocr_par' dir='ltr' id='par_1_5' title="bbox 334 1328 456 1388">
     <span class='ocr_line' id='line_1_10' title="bbox 334 1328 456 1388; baseline -0.008 -13"><span class='ocrx_word' id='word_1_65' title='bbox 334 1360 335 1363; x_wconf 63' lang='lat'>,</span> <span class='ocrx_word' id='word_1_66' title='bbox 395 1328 456 1388; x_wconf 66' lang='lat' dir='ltr'>aa.</span> 
     </span>
    </p>
   </div>
   <div class='ocr_carea' id='block_1_6' title="bbox 130 1487 784 1532">
    <p class='ocr_par' dir='ltr' id='par_1_6' title="bbox 130 1487 784 1532">
     <span class='ocr_line' id='line_1_11' title="bbox 130 1487 784 1532; baseline 0.005 -3"><span class='ocrx_word' id='word_1_67' title='bbox 130 1488 163 1529; x_wconf 82' lang='lat' dir='ltr'>DE</span> <span class='ocrx_word' id='word_1_68' title='bbox 176 1488 376 1530; x_wconf 79' lang='lat' dir='ltr'>lNTERPRETIBUS</span> <span class='ocrx_word' id='word_1_69' title='bbox 392 1487 532 1530; x_wconf 80' lang='lat' dir='ltr'>EPISTOLAE</span> <span class='ocrx_word' id='word_1_70' title='bbox 552 1489 584 1530; x_wconf 77' lang='lat' dir='ltr'>lo</span> <span class='ocrx_word' id='word_1_71' title='bbox 600 1489 720 1532; x_wconf 70' lang='lat' dir='ltr'>clatris,</span> <span class='ocrx_word' id='word_1_72' title='bbox 780 1511 784 1515; x_wconf 46' lang='lat'>*</span> 
     </span>
    </p>
   </div>
   <div class='ocr_carea' id='block_1_7' title="bbox 80 1726 816 2187">
    <p class='ocr_par' dir='ltr' id='par_1_7' title="bbox 80 1726 816 2187">
     <span class='ocr_line' id='line_1_12' title="bbox 136 1726 772 1787; baseline 0 -17"><span class='ocrx_word' id='word_1_73' title='bbox 136 1727 257 1785; x_wconf 84' lang='lat' dir='ltr'>Reliquum</span> <span class='ocrx_word' id='word_1_74' title='bbox 272 1734 316 1784; x_wconf 82' lang='lat' dir='ltr'>est⁷</span> <span class='ocrx_word' id='word_1_75' title='bbox 339 1734 374 1784; x_wconf 80' lang='lat' dir='ltr'>ut,</span> <span class='ocrx_word' id='word_1_76' title='bbox 394 1727 545 1786; x_wconf 87' lang='lat' dir='ltr'>interpretatio</span> <span class='ocrx_word' id='word_1_77' title='bbox 562 1729 667 1787; x_wconf 85' lang='lat' dir='ltr'>epistolae</span> <span class='ocrx_word' id='word_1_78' title='bbox 683 1727 712 1771; x_wconf 93' lang='lat' dir='ltr'>ad</span> <span class='ocrx_word' id='word_1_79' title='bbox 727 1726 772 1772; x_wconf 84' lang='lat' dir='ltr'>Ga-</span> 
     </span>
     <span class='ocr_line' id='line_1_13' title="bbox 80 1807 816 1866; baseline -0.004 -15"><span class='ocrx_word' id='word_1_80' title='bbox 80 1809 136 1852; x_wconf 88' lang='lat' dir='ltr'>latas</span> <span class='ocrx_word' id='word_1_81' title='bbox 148 1809 219 1866; x_wconf 83' lang='lat' dir='ltr'>qualis</span> <span class='ocrx_word' id='word_1_82' title='bbox 235 1809 336 1851; x_wconf 83' lang='lat' dir='ltr'>omnibus</span> <span class='ocrx_word' id='word_1_83' title='bbox 348 1807 453 1866; x_wconf 81' lang='lat' dir='ltr'>deinceps</span> <span class='ocrx_word' id='word_1_84' title='bbox 465 1809 544 1852; x_wconf 86' lang='lat' dir='ltr'>seculis</span> <span class='ocrx_word' id='word_1_85' title='bbox 555 1809 631 1865; x_wconf 77' lang='lat' dir='ltr'>tuerit,</span> <span class='ocrx_word' id='word_1_86' title='bbox 646 1808 772 1861; x_wconf 81' lang='lat' dir='ltr'>rideamus3</span> <span class='ocrx_word' id='word_1_87' title='bbox 812 1842 816 1848; x_wconf 52' lang='lat'>.</span> 
     </span>
     <span class='ocr_line' id='line_1_14' title="bbox 80 1888 808 1947; baseline 0 -16"><span class='ocrx_word' id='word_1_88' title='bbox 80 1888 149 1945; x_wconf 85' lang='lat' dir='ltr'>idque</span> <span class='ocrx_word' id='word_1_89' title='bbox 165 1905 191 1931; x_wconf 90' lang='lat' dir='ltr'>eo</span> <span class='ocrx_word' id='word_1_90' title='bbox 206 1888 288 1944; x_wconf 81' lang='lat' dir='ltr'>magis,</span> <span class='ocrx_word' id='word_1_91' title='bbox 315 1888 376 1945; x_wconf 87' lang='lat' dir='ltr'>qnod</span> <span class='ocrx_word' id='word_1_92' title='bbox 395 1890 519 1946; x_wconf 86' lang='lat' dir='ltr'>superiores</span> <span class='ocrx_word' id='word_1_93' title='bbox 538 1889 681 1947; x_wconf 86' lang='lat' dir='ltr'>epistolarum</span> <span class='ocrx_word' id='word_1_94' title='bbox 696 1888 772 1932; x_wconf 85' lang='lat' dir='ltr'>Pauli-</span> <span class='ocrx_word' id='word_1_95' title='bbox 806 1929 808 1931; x_wconf 87' lang='lat'>.</span> 
     </span>
     <span class='ocr_line' id='line_1_15' title="bbox 81 1969 774 2026; baseline 0 -15"><span class='ocrx_word' id='word_1_96' title='bbox 81 1984 158 2011; x_wconf 85' lang='lat' dir='ltr'>narum</span> <span class='ocrx_word' id='word_1_97' title='bbox 173 1969 303 2025; x_wconf 90' lang='lat' dir='ltr'>interpretes</span> <span class='ocrx_word' id='word_1_98' title='bbox 319 1984 332 2011; x_wconf 88' lang='lat' dir='ltr'>a</span> <span class='ocrx_word' id='word_1_99' title='bbox 346 1969 427 2012; x_wconf 91' lang='lat' dir='ltr'>nostris</span> <span class='ocrx_word' id='word_1_100' title='bbox 438 1969 564 2026; x_wconf 86' lang='lat' dir='ltr'>bominibus</span> <span class='ocrx_word' id='word_1_101' title='bbox 574 1970 667 2012; x_wconf 88' lang='lat' dir='ltr'>nimium</span> <span class='ocrx_word' id='word_1_102' title='bbox 677 1975 774 2026; x_wconf 90' lang='lat' dir='ltr'>praeter-</span> 
     </span>
     <span class='ocr_line' id='line_1_16' title="bbox 82 2048 774 2107; baseline 0 -15"><span class='ocrx_word' id='word_1_103' title='bbox 82 2049 163 2092; x_wconf 85' lang='lat' dir='ltr'>missos</span> <span class='ocrx_word' id='word_1_104' title='bbox 183 2048 290 2105; x_wconf 17' lang='lat' dir='ltr'>adeoque*</span> <span class='ocrx_word' id='word_1_105' title='bbox 301 2064 341 2092; x_wconf 87' lang='lat' dir='ltr'>sna</span> <span class='ocrx_word' id='word_1_106' title='bbox 358 2049 438 2106; x_wconf 60' lang='lat' dir='ltr'>gloria</span> <span class='ocrx_word' id='word_1_107' title='bbox 461 2049 481 2093; x_wconf 90' lang='lat' dir='ltr'>si</span> <span class='ocrx_word' id='word_1_108' title='bbox 495 2065 540 2107; x_wconf 84' lang='lat' dir='ltr'>qua</span> <span class='ocrx_word' id='word_1_109' title='bbox 554 2051 606 2107; x_wconf 65' lang='lat' dir='ltr'>fuit7</span> <span class='ocrx_word' id='word_1_110' title='bbox 633 2049 774 2093; x_wconf 73' lang='lat' dir='ltr'>defraudatos</span> 
     </span>
     <span class='ocr_line' id='line_1_17' title="bbox 82 2128 777 2187; baseline -0.001 -15"><span class='ocrx_word' id='word_1_111' title='bbox 82 2143 131 2172; x_wconf 88' lang='lat' dir='ltr'>esse</span> <span class='ocrx_word' id='word_1_112' title='bbox 145 2129 300 2173; x_wconf 86' lang='lat' dir='ltr'>intelleximus.</span> <span class='ocrx_word' id='word_1_113' title='bbox 337 2128 402 2173; x_wconf 82' lang='lat' dir='ltr'>Iuvat</span> <span class='ocrx_word' id='word_1_114' title='bbox 423 2136 497 2174; x_wconf 83' lang='lat' dir='ltr'>autern</span> <span class='ocrx_word' id='word_1_115' title='bbox 519 2131 548 2173; x_wconf 88' lang='lat' dir='ltr'>ad</span> <span class='ocrx_word' id='word_1_116' title='bbox 569 2130 672 2187; x_wconf 84' lang='lat' dir='ltr'>antiquos</span> <span class='ocrx_word' id='word_1_117' title='bbox 693 2129 777 2174; x_wconf 82' lang='lat' dir='ltr'>reverti</span> 
     </span>
    </p>
   </div>
   <div class='ocr_carea' id='block_1_8' title="bbox 26 2375 807 2673">
    <p class='ocr_par' dir='ltr' id='par_1_8' title="bbox 26 2375 807 2673">
     <span class='ocr_line' id='line_1_18' title="bbox 126 2375 807 2448; baseline 0.003 -13"><span class='ocrx_word' id='word_1_118' title='bbox 126 2375 163 2448; x_wconf 75' lang='lat' dir='ltr'>lb)</span> <span class='ocrx_word' id='word_1_119' title='bbox 179 2410 196 2435; x_wconf 87' lang='lat' dir='ltr'>v.</span> <span class='ocrx_word' id='word_1_120' title='bbox 213 2392 285 2434; x_wconf 81' lang='lat' dir='ltr'>Storr</span> <span class='ocrx_word' id='word_1_121' title='bbox 308 2396 333 2435; x_wconf 89' lang='lat' dir='ltr'>de</span> <span class='ocrx_word' id='word_1_122' title='bbox 355 2409 456 2436; x_wconf 87' lang='lat' dir='ltr'>consensu</span> <span class='ocrx_word' id='word_1_123' title='bbox 478 2397 580 2447; x_wconf 80' lang='lat' dir='ltr'>epistolar.</span> <span class='ocrx_word' id='word_1_124' title='bbox 596 2397 622 2445; x_wconf 72' lang='lat' dir='ltr'>P.</span> <span class='ocrx_word' id='word_1_125' title='bbox 637 2399 662 2438; x_wconf 86' lang='lat' dir='ltr'>ad</span> <span class='ocrx_word' id='word_1_126' title='bbox 677 2398 740 2439; x_wconf 85' lang='lat' dir='ltr'>Hebr.</span> <span class='ocrx_word' id='word_1_127' title='bbox 757 2404 777 2437; x_wconf 86' lang='lat' dir='ltr'>et</span> <span class='ocrx_word' id='word_1_128' title='bbox 804 2437 807 2444; x_wconf 72' lang='grc'><strong>,</strong></span> 
     </span>
     <span class='ocr_line' id='line_1_19' title="bbox 83 2453 778 2523; baseline 0.003 -13"><span class='ocrx_word' id='word_1_129' title='bbox 83 2470 128 2510; x_wconf 84' lang='lat' dir='ltr'>Gal.</span> <span class='ocrx_word' id='word_1_130' title='bbox 144 2471 230 2523; x_wconf 78' lang='lat' dir='ltr'>Tubing.</span> <span class='ocrx_word' id='word_1_131' title='bbox 249 2474 308 2510; x_wconf 76' lang='lat'>1781.</span> <span class='ocrx_word' id='word_1_132' title='bbox 325 2475 343 2512; x_wconf 84' lang='grc'>4,</span> <span class='ocrx_word' id='word_1_133' title='bbox 367 2478 430 2523; x_wconf 88' lang='lat' dir='ltr'>repet.</span> <span class='ocrx_word' id='word_1_134' title='bbox 452 2473 473 2511; x_wconf 90' lang='lat' dir='ltr'>in</span> <span class='ocrx_word' id='word_1_135' title='bbox 500 2480 613 2513; x_wconf 86' lang='lat' dir='ltr'>commentt.</span> <span class='ocrx_word' id='word_1_136' title='bbox 635 2453 696 2513; x_wconf 78' lang='lat' dir='ltr'>tbeol.</span> <span class='ocrx_word' id='word_1_137' title='bbox 718 2475 748 2514; x_wconf 83' lang='lat' dir='ltr'>ed.</span> <span class='ocrx_word' id='word_1_138' title='bbox 757 2484 778 2512; x_wconf 77' lang='lat' dir='ltr'>&#39;a</span> 
     </span>
     <span class='ocr_line' id='line_1_20' title="bbox 26 2544 777 2602; baseline 0.004 -18"><span class='ocrx_word' id='word_1_139' title='bbox 26 2587 30 2589; x_wconf 61' lang='grc'>,</span> <span class='ocrx_word' id='word_1_140' title='bbox 83 2544 224 2594; x_wconf 81' lang='lat' dir='ltr'>Kiinoelio,</span> <span class='ocrx_word' id='word_1_141' title='bbox 249 2547 420 2587; x_wconf 88' lang='lat' dir='ltr'>Velthusenio</span> <span class='ocrx_word' id='word_1_142' title='bbox 446 2554 466 2587; x_wconf 87' lang='lat' dir='ltr'>et</span> <span class='ocrx_word' id='word_1_143' title='bbox 490 2547 614 2601; x_wconf 83' lang='lat' dir='ltr'>Rupertio</span> <span class='ocrx_word' id='word_1_144' title='bbox 639 2550 666 2590; x_wconf 89' lang='grc' dir='ltr'>ΙΙ,</span> <span class='ocrx_word' id='word_1_145' title='bbox 691 2564 711 2602; x_wconf 87' lang='lat' dir='ltr'>p.</span> <span class='ocrx_word' id='word_1_146' title='bbox 736 2551 777 2588; x_wconf 79' lang='lat'>394</span> 
     </span>
     <span class='ocr_line' id='line_1_21' title="bbox 83 2622 776 2673; baseline 0.006 -14"><span class='ocrx_word' id='word_1_147' title='bbox 83 2633 127 2672; x_wconf 83' lang='lat' dir='ltr'>sqq.</span> <span class='ocrx_word' id='word_1_148' title='bbox 147 2622 230 2673; x_wconf 87' lang='lat' dir='ltr'>Meyer</span> <span class='ocrx_word' id='word_1_149' title='bbox 245 2622 266 2660; x_wconf 91' lang='lat' dir='ltr'>in</span> <span class='ocrx_word' id='word_1_150' title='bbox 281 2624 382 2662; x_wconf 83' lang='lat' dir='ltr'>Ammon</span> <span class='ocrx_word' id='word_1_151' title='bbox 401 2623 439 2661; x_wconf 77' lang='lat' dir='ltr'>und</span> <span class='ocrx_word' id='word_1_152' title='bbox 455 2623 590 2664; x_wconf 81' lang='lat' dir='ltr'>Bertholdt</span> <span class='ocrx_word' id='word_1_153' title='bbox 604 2625 728 2664; x_wconf 80' lang='lat' dir='ltr'>krit.Journ</span> <span class='ocrx_word' id='word_1_154' title='bbox 751 2624 776 2663; x_wconf 90' lang='grc' dir='ltr'>Π.</span> 
     </span>
    </p>
   </div>
   <div class='ocr_carea' id='block_1_9' title="bbox 85 2698 640 2806">
    <p class='ocr_par' dir='ltr' id='par_1_9' title="bbox 85 2698 640 2806">
     <span class='ocr_line' id='line_1_22' title="bbox 85 2698 223 2747; baseline 0 -14"><span class='ocrx_word' id='word_1_155' title='bbox 85 2709 104 2746; x_wconf 76' lang='lat' dir='ltr'>p.</span> <span class='ocrx_word' id='word_1_156' title='bbox 123 2698 163 2734; x_wconf 78' lang='lat'>230</span> <span class='ocrx_word' id='word_1_157' title='bbox 179 2709 223 2747; x_wconf 87' lang='lat' dir='ltr'>sqq.</span> 
     </span>
     <span class='ocr_line' id='line_1_23' title="bbox 630 2773 640 2806; baseline 0 -9"><span class='ocrx_word' id='word_1_158' title='bbox 630 2773 640 2806; x_wconf 80' lang='lat'>2</span> 
     </span>
    </p>
   </div>
   <div class='ocr_carea' id='block_1_10' title="bbox 0 0 878 3054">
    <p class='ocr_par' dir='ltr' id='par_1_10' title="bbox 0 0 878 3054">
     <span class='ocr_line' id='line_1_24' title="bbox 0 0 878 3054; baseline 0 0"><span class='ocrx_word' id='word_1_159' title='bbox 0 0 878 3054; x_wconf 95' lang='lat' dir='ltr'> </span> 
     </span>
    </p>
   </div>
  </div>
 </body>
</html>
