1723 3054
309 249 368 289 CAP.
383 250 399 288 I.
414 265 433 289 r.
450 254 517 290 6-8.
735 250 763 293 43

74 354 151 402 Beza,
168 351 309 401 Oramerus,
325 353 468 392 deWettius
483 354 536 405 all),
552 367 665 405 quanquam
682 354 710 392 sio
725 367 762 403 per

74 430 161 481 aliquam
175 428 355 479 breviloquentiam
371 428 432 467 scribi
447 440 508 479 posse
523 440 566 466 non
575 441 672 480 negamus
682 429 703 480 (1
714 426 761 467 Gor.

75 505 149 552 7‚15.;
168 502 260 541 lThess.
273 506 292 549 4,
304 503 335 541 l?
350 516 370 541 v.
385 501 498 556 Palairet
512 503 537 540 ad
552 502 572 540 h.
587 503 620 554 1.);
635 504 697 541 multo
713 516 761 541 vero

44 573 49 577 ’
75 579 152 625 minus.
169 577 203 628 qui
214 578 310 626 καλέσας
326 578 349 615 de
359 576 424 615 Paulo
435 577 558 627 intelligunt,
574 577 596 614 in
611 590 651 628 qua
666 577 762 629 opinione

74 654 113 710 fuit
122 651 244 691 Piscator·
253 675 280 680 -
289 651 314 689 V·
324 655 342 690 7·
358 648 369 694 ‘0'
380 648 418 694 oda
428 652 482 694 ἔστιν
494 647 545 694 dito
557 653 604 702 cet]
620 652 674 705 quod
684 651 762 705 qaudam

75 728 112 778 (se.
127 740 165 765 vos
176 726 260 765 deficere
274 740 287 763 a
297 724 386 777 Christo)
401 739 442 766 oon
457 730 487 766 esi
502 726 567 777 allud,
583 726 624 765 otri·
639 731 686 773 cet,
703 725 764 763 damit

75 803 109 840 hat
124 814 145 840 es
163 801 223 839 keine
242 802 316 838 andere
331 800 472 840 Bewandtniss
491 800 520 839 als
536 799 613 852 (dass).
642 799 675 837 Ita
690 800 763 848 Arabs,

77 874 207 919 Calvinus.
224 872 336 922 Grotius,
351 873 450 923 Calor..
466 873 644 925 Hombergius,
660 875 688 912 de
698 860 764 912 Wei-

75 951 126 990 tius
142 949 167 987 cf.
183 947 266 1000 Origen.
283 961 300 986 o.
315 949 377 988 Maro.
394 952 413 986 1.
429 963 448 999 p.
466 951 484 986 9.
514 949 565 996 Alii,
580 954 602 986 ut
616 948 690 997 Beza,
707 947 764 986 Ora-

76 1037 169 1072 merus‚
185 1022 307 1077 Kypkiu‘s:
323 1024 376 1078 quod
391 1022 488 1074 (evangel.
503 1021 586 1075 Christi)
601 1036 641 1063 noo
656 1007 686 1065 est
701 1024 764 1075 aliud,
814 1011 816 1013 .

77 1101 113 1142 sed
128 1103 175 1139 saal
190 1103 226 1137 oet.
248 1098 325 1136 Verum
341 1098 359 1140 εἰ
375 1094 404 1154 μή
420 1110 463 1154 non
478 1102 545 1148 potest
559 1098 625 1148 simpl.
637 1098 764 1148 (praesertim

75 1174 97 1212 in
112 1186 177 1212 novae
192 1172 303 1211 sententiae
318 1171 416 1223 exordio>
434 1172 472 1213 'sed
490 1173 561 1219 verti,'
573 1185 611 1211 neo
634 1173 685 1211 haec
697 1173 764 1212 “vocis

76 1247 195 1299 significatio
211 1247 289 1284 obtinet
303 1246 337 1284 Mt.
356 1248 392 1293 12,
408 1249 427 1283 4.
452 1248 462 1283 1
479 1244 527 1284 Gor.
544 1248 567 1293 7,
586 1249 624 1294 11,
641 1259 692 1297 quos
706 1246 765 1286 locos

78 1322 142 1361 attulit
158 1304 276 1359 Wahlius.
306 1331 394 1375 ταρασσ.
409 1320 429 1357 h.
445 1320 458 1358 l.
479 1318 602 1359 dubitatione
621 1320 694 1359 iniecta
708 1333 764 1373 per-

76 1397 160 1439 turbare
175 1395 262 1433 animum
279 1392 330 1445 (Oic.
346 1395 407 1434 Tuso.
420 1397 439 1442 9,
455 1395 483 1445 2.)
500 1396 520 1442 5,
538 1397 569 1433 10.
594 1398 604 1433 1
620 1394 714 1441 Petnd,
733 1398 764 1432 14.

78 1472 123 1509 Aet.
137 1471 169 1517 15,
181 1472 213 1506 24.
230 1469 254 1507 of.
268 1468 362 1519 Xenoph.
374 1468 461 1507 Memor.
470 1450 490 1516 2,
502 1471 520 1506 6.
534 1471 565 1507 17.
582 1467 655 1507 Galen.
672 1470 696 1507 de
711 1469 764 1519 puls.

77 1545 140 1582 differ.
157 1547 176 1581 2.
192 1543 232 1581 Dio
249 1541 353 1593 Chrysost.
370 1545 403 1580 23.
418 1556 438 1593 p.
455 1545 503 1580 277,
522 1542 622 1581 Plutarch.
638 1544 683 1581 adv.
699 1542 764 1582 Galot.

78 1634 95 1659 G.
112 1620 145 1656 25.
168 1617 248 1656 Arl'lan.
266 1617 332 1668 Epict.
352 1620 376 1665 2,
395 1619 428 1655 22.
446 1619 464 1654 6.
483 1640 511 1645 -
533 1618 579 1661 ᾖελ.
604 1630 703 1673 petam-p,
728 1619 764 1660 hoc

80 1697 143 1748 opilat
150 1692 254 1743 (seientes)
261 1696 285 1732 ot
290 1696 411 1745 pervertunt
417 1692 436 1729 h.
446 1705 462 1730 e.
471 1697 563 1731 evertant
570 1692 737 1749 (corrumpendo)
746 1708 764 1732 v.

80 1767 163 1805 Aristot.
182 1751 271 1814 rheti,
290 1768 321 1803 15.
341 1779 361 1817 p.
378 1768 411 1804 58.
430 1767 460 1804 ed.
478 1765 535 1817 Lips.
564 1765 597 1805 Ne
616 1767 702 1806 articulo
720 1770 766 1807 vooi

77 1852 165 1897 ταρασσ.
182 1840 273 1891 praefixo
290 1839 408 1888 offendaris,
424 1845 505 1891 reputa,
521 1842 571 1879 duas
575 1841 639 1903 Uter
653 1854 675 1880 se
690 1842 765 1882 mixtas

77 1928 122 1954 esse
143 1920 262 1954 structuras:
285 1927 331 1952 nam
352 1914 409 1964 τινές
433 1914 483 1957 εἰσιν
503 1914 522 1957 οἱ
541 1911 685 1970 ταράσσοντες
707 1911 765 1970 ipae

78 1989 152 2028 dietum
162 1990 241 2028 videtur
251 2001 300 2039 pro:
316 1988 352 2031 εἰσ.
368 2003 415 2044 ταρ.
431 1988 475 2044 ip„
492 1987 530 2031 καὶ
546 1980 602 2032 οὗτοι
618 1988 644 2040 (οἱ
659 2006 706 2047 rap.
723 1989 764 2044 dp.)

77 2063 124 2110 εἰσί.
131 2078 197 2115 τινες,
214 2068 270 2114 suad,
288 2063 323 2117 qut
331 2076 367 2104 uos
378 2063 508 2116 perturbata
519 2065 535 2104 ii
544 2077 591 2106 vero
603 2063 691 2118 aliquot,
706 2066 767 2116 pauci

77 2139 183 2179 duntooedt
201 2143 253 2178 saut.
284 2135 331 2176 Sim.
352 2138 419 2177 locum
437 2139 499 2177 habes
519 2152 551 2189 ap.
566 2138 628 2177 Dion.
644 2137 716 2189 Chrys.
733 2142 766 2176 39.

75 2226 96 2262 p.
113 2214 161 2250 488.
180 2210 236 2261 τινὲς
253 2204 307 2267 ἦσαν
327 2212 346 2255 οἱ
365 2208 447 2268 σφόδρα
465 2209 586 2268 ὀδυρόμενοι
605 2209 682 2255 τὸτοῦ
699 2214 766 2263 δεῖνος

79 2290 115 2325 cet.
132 2285 156 2323 cf.
171 2298 191 2335 p.
208 2288 256 2323 482.

138 2359 163 2398 V.
175 2362 202 2398 8.,
211 2357 271 2409 Quod
281 2360 301 2398 in
312 2359 404 2410 plurimis
414 2359 469 2399 libris
484 2362 581 2411 seriptum
597 2367 627 2400 est
642 2357 679 2405 ἐὰν
695 2358 766 2418 εὐαγ-

77 2427 224 2490 γελίζήται,
248 2435 270 2472 id
291 2433 335 2471 noli
357 2434 475 2481 sollicitare,
499 2449 613 2487 quanquam
636 2437 670 2474 alii
693 2438 767 2477 habent

78 2505 229 2565 εὐαγγελίσητε
241 2509 304 2570 &quod
311 2509 380 2570 nesoio
389 2522 414 2547 an
423 2511 573 2550 emendatorem
581 2512 653 2562 sapiat)
662 2512 697 2551 alii
706 2508 766 2568 εὐαγ-

77 2582 171 2637 γελίζετε
191 2583 284 2634 (indicat.
300 2597 345 2622 eum
361 2580 399 2626 ἐάν
415 2585 522 2636 copulatur
537 2586 596 2624 etiam
612 2585 646 2624 Jo.
664 2589 683 2634 5,
701 2590 733 2625 15.
748 2601 766 2626 v.

77 2656 201 2696 Hermann
220 2660 245 2697 ad
262 2660 306 2710 vig.
326 2672 346 2709 p.
358 2654 425 2709 sta.)
442 2658 524 2712 Origen.
542 2661 569 2711 (o.
585 2661 648 2699 Maro.
667 2665 683 2698 1.
699 2675 719 2712 p.
736 2663 765 2711 9.)

80 2731 196 2771 memoriter
207 2733 256 2772 haec
266 2748 298 2773 vv.
309 2734 339 2772 sic
353 2733 428 2772 attulit:
444 2734 465 2777 εἴ
478 2749 512 2785 τις
526 2732 767 2789 6p,&g-51’Jao(ps).losm‚
