1723 3054
308 307 312 310 ‚
328 248 474 290 excussus
489 247 514 286 n.
705 239 764 284 155

78 345 141 394 tinere
161 369 204 395 sese
223 357 324 406 potuisse,
343 360 450 407 postquam
467 367 500 399 ea,
517 365 567 402 quae
584 353 628 390 Act.
650 355 678 390 15.
695 350 766 402 legun·
818 405 820 409 ,

78 437 118 478 tur,
135 431 214 480 publice
230 430 333 481 professus
349 435 407 469 esset.
431 430 459 467 At
474 440 522 467 vero
538 440 580 465 nou
595 426 660 464 levior
671 432 700 464 est
710 424 766 463 Petri

79 505 146 555 culpa,
163 505 239 544 etiamsi
259 511 342 554 statuas,
366 505 390 543 de
409 505 499 543 secundo
519 502 538 540 P.
559 502 629 540 itinere
648 500 688 539 Gal
711 504 731 549 2,
750 503 766 539 l.

79 580 163 630 exponi,
179 580 226 632 quid
242 580 313 620 enimi.
327 579 402 618 Paulus
417 583 544 631 persuaserat
559 577 668 627 apostolis,
684 576 722 615 sibi
737 575 766 613 di-

78 655 125 693 vina
137 655 254 695 auctoritate
271 656 405 694 concreditam
421 667 465 693 esse
480 665 606 704 paganorum
622 652 766 690 institutionem

79 730 110 779 (2,
123 731 162 781 t),
178 736 350 782 conveneratque,
366 728 441 768 Paulus
459 734 479 766 ut
494 727 588 774 ethnicis,
604 727 642 777 ipsi
654 725 768 764 utJudaeis

79 805 189 843 doctrinam
202 805 288 844 divinam
300 806 403 844 traderent
414 807 441 853 (2,
454 805 493 853 9.):
508 808 527 839 et
543 802 589 840 hnic
605 808 670 840 tamen
686 805 767 851 aposto·

78 878 145 933 lorum
164 882 254 928 decreto,
275 880 327 931 quod
347 891 383 919 suo
404 891 487 918 assensu
503 873 672 928 comprobaverat
688 878 716 927 (2,
733 876 768 924 a),

79 953 150 993 Petrus
165 955 226 1005 paulo
246 961 303 1006 post,
323 968 368 993 cum
383 954 510 992 Antiochiam
529 951 625 998 venisset,
645 952 768 997 adversatur,

80 1044 92 1067 a
110 1028 270 1068 Christianorum
290 1044 300 1067 e
321 1029 405 1081 paganis
426 1028 570 1068 cousuetudine
589 1039 632 1065 sese
652 1024 768 1064 abstinens?

81 1104 131 1153 Quis
149 1118 190 1143 uon
208 1106 272 1153 videt,
292 1106 320 1143 sic
341 1105 387 1143 huic
402 1103 497 1155 apostolo
513 1102 549 1152 (ef.
566 1102 600 1139 Mt.
618 1102 654 1148 at,
672 1102 696 1137 19
713 1100 769 1150 sqq.)

81 1179 133 1219 haud
150 1181 246 1219 minorem
262 1180 363 1219 varietatis
378 1178 564 1229 inconstantiaeque
580 1182 647 1214 notam
661 1175 725 1222 inuri,
745 1186 769 1211 ac

80 1256 96 1293 si
113 1257 193 1294 decreto
209 1256 283 1296 hieros.
295 1257 338 1295 Act
354 1259 383 1298 15,
395 1253 539 1308 repugnasset?
558 1250 597 1295 Sed
613 1251 698 1303 aceedit,
714 1249 769 1306 quod

80 1330 160 1381 gravius
183 1330 242 1369 etiam
265 1338 304 1370 est:
326 1330 407 1370 Petrum
428 1332 468 1369 iam
491 1331 567 1382 pridem
592 1331 709 1383 (antequam
727 1331 769 1369 Au·

81 1405 175 1461 tioclhiarn
198 1407 285 1456 veniret)
310 1407 333 1444 de
356 1406 434 1446 sublato
453 1406 578 1445 Judaeorum
601 1412 620 1444 et
642 1419 768 1458 paganorum

82 1479 196 1518 discrimine
215 1480 311 1521 attalanae
329 1482 452 1519 admonitum
470 1481 531 1519 fuisse
549 1480 673 1532 ‹ludaeisque
688 1480 768 1520 Hieros.

81 1566 138 1593 secus
154 1554 312 1594 existimantibus
328 1556 406 1593 fortiter
422 1556 517 1595 restitisse
534 1557 586 1606 (Act.
600 1558 635 1603 10,
652 1559 717 1606 Ssqq.
737 1558 768 1602 11,

82 1632 92 1665 2
114 1630 186 1680 sqqt'
207 1630 239 1667 An
262 1630 301 1668 hoo
323 1629 361 1668 tale
383 1635 450 1680 potest
472 1630 558 1670 levitatis
582 1631 769 1681 inconstantiaeque

82 1704 240 1754 reprehensione
255 1717 323 1744 carere
339 1705 380 1743 ullo
393 1705 509 1744 ’1111ᾶοῖ-
521 1704 582 1754 Quod
598 1707 683 1760 deniqne
697 1706 770 1743 miran-

82 1783 122 1825 tur,
138 1777 224 1817 Paulum
239 1791 303 1829 neque
319 1777 363 1817 Gal.
376 1782 409 1826 2,
418 1782 441 1817 14
453 1792 496 1830 sqq.
513 1793 576 1830 neque
591 1780 612 1817 iu
627 1785 670 1817 tota
686 1779 771 1829 epistola

83 1852 108 1890 ad
124 1835 225 1891 decretum
236 1852 309 1892 hieros.
320 1866 453 1903 provocasse,
469 1854 490 1891 id
505 1853 548 1892 leve
564 1859 603 1892 est:
618 1866 664 1891 nam
683 1857 700 1902 11
718 1853 771 1904 quod

83 1925 128 1965 Gal.
145 1929 168 1974 2,
189 1930 213 1964 14
230 1940 272 1978 sqq.
292 1927 370 1975 attinet,
393 1940 435 1965 nou
453 1929 568 1967 universum
587 1940 711 1974 sermonem,
731 1940 770 1978 quo

81 2001 158 2040 Paulus
173 2001 254 2040 Petrum
274 2003 395 2041 Antiochiae
415 2003 549 2054 exagitasset,
568 2003 586 2040 h.
603 2003 615 2040 l.
631 2003 771 2052 interpositum

82 2089 126 2115 esse
146 2081 217 2127 sponte
237 2083 331 2128 apparet,
353 2089 401 2125 nec,
420 2077 467 2128 quid
489 2090 539 2127 opus
558 2084 619 2126 esset,
642 2076 703 2134 Petro
722 2076 772 2114 illud

83 2151 194 2199 decretum,
214 2152 268 2202 quod
284 2151 380 2191 oblivioni
397 2152 475 2189 tradere
491 2152 526 2188 vix
540 2157 645 2202 potuerat,
659 2151 680 2189 in
696 2164 771 2189 memo-

82 2225 132 2264 riam
147 2238 255 2274 revocare,
274 2227 322 2264 satis
337 2226 465 2277 intelligitur,
484 2226 602 2276 praesertim
618 2239 662 2264 cum
678 2238 702 2263 ne
717 2225 772 2264 illius

85 2300 164 2350 quidem
181 2299 260 2338 divinae
276 2300 429 2347 admonitionis,
451 2313 509 2350 quam
524 2299 585 2338 Petro
602 2300 707 2339 obvenisse
724 2312 772 2338 cou-

82 2374 149 2413 stabat
164 2374 220 2424 (Act.
240 2376 271 2421 10,
289 2377 300 2412 ὃ
316 2375 383 2426 sqq),
399 2374 473 2412 Paulus
489 2374 605 2414 meminerit,
636 2372 701 2413 Satius
718 2375 772 2413 haud

82 2449 142 2487 dubie
157 2449 204 2496 fuit,
224 2450 347 2503 crqamantis
366 2463 377 2487 e
396 2449 499 2487 doctrinae
516 2449 636 2488 christianae
653 2454 723 2488 natura
739 2450 772 2488 de·

82 2523 151 2562 sumtis
167 2523 267 2561 hominem
283 2529 322 2560 tam
338 2522 414 2561 varium
428 2536 451 2561 ac
462 2524 591 2562 subtimidum
601 2524 694 2576 aggredit
705 2524 732 2575 80)

129 2697 159 2740 sot·
177 2699 224 2730 Haec
243 2699 303 2732 eadem
322 2701 387 2742 scripta
407 2705 456 2733 erant
474 2702 492 2733 in
508 2703 549 2736 edit.
566 2705 628 2747 priore.
653 2704 703 2737 Unde
719 2706 773 2738 miror

70 2754 242 2800 ,Niemeyerum
262 2758 288 2789 ita
307 2757 432 2802 disputantem:
452 2768 482 2793 1111·
500 2764 533 2794 tant
553 2762 693 2803 11111111111111
709 2765 773 2797 rentur
