1723 3054
468 96 498 194 ἱ,

124 227 162 272 136
302 225 467 265 ΑΝΝΟΤΑΤΙΟ
480 226 632 265 ΡΕΗΡΕΤΠΑ,

180 332 203 370 V.
222 335 246 370 15
271 332 339 387 ἐνΧρ.
356 345 374 369 v.
392 334 411 378 5,
428 333 445 368 9.
469 329 509 368 Pro
526 330 581 382 ἐστι,
598 332 650 382 quod
667 332 725 371 codd.
742 328 810 369 430

121 408 140 445 D
151 406 221 445 EFG
240 412 259 444 et
274 406 378 445 versiones
394 405 487 456 antiquae
504 406 618 456 complures
635 408 686 453 (non
702 407 749 445 item
764 404 810 466 Opi-

122 495 166 534 gen.
184 488 203 520 et
218 480 331 532 Theophyl.
348 488 369 519 ut
384 478 531 519 Griesbacli.
548 481 602 526 vult)
619 487 708 528 tuentur,
729 481 749 519 in
765 478 810 520 aliis

122 558 179 595 libris
190 562 220 595 est
230 552 306 611 ἰσχύει,
318 555 403 594 fortasse
414 567 440 592 ex
452 557 471 602 5,
486 557 515 602 6.,
530 556 566 593 sed
577 555 729 595 Matthaeius
744 561 810 593 tamen

122 632 207 669 retinuit.
230 630 261 668 De
278 645 331 672 καιν.
343 640 396 671 lactc.
413 643 429 667 v.
446 629 495 680 intp.
512 629 537 667 ad
553 633 563 667 9
577 627 655 677 Cora,
669 633 699 667 17.
716 630 739 668 cf.
757 631 811 668 Am-

123 719 179 743 mon
196 719 242 743 nov.
259 703 334 754 Opusc.
354 718 373 754 p.
390 706 415 740 76
432 716 475 754 sqq.
490 703 586 750 ,Usteri
601 704 711 754 Lehrbegr.
727 718 746 754 p.
765 707 811 744 106,

124 803 150 808 -
167 780 191 818 V.
212 782 241 818 16,
256 775 301 820 ‘ica
316 778 346 836 τῷ
362 793 408 820 ania
424 793 442 819 τ.
459 790 522 833 στοιχ.
540 779 652 829 quicunque
670 779 722 829 (sive
737 778 811 816 ‹Judaei

123 855 165 893 sive
187 852 281 905 gentiles)
305 852 330 891 ad
353 853 406 889 hanc
429 864 530 899 normam,
551 852 639 903 regulam
659 852 811 902 (διδασκαλίαν

123 929 236 975 Theodon,
258 923 344 983 διδαχὴν
365 924 460 978 Ocnum.)
480 939 502 965 se
522 933 652 977 componunt.
687 926 736 965 Eam
758 927 812 975 dicit,

125 1017 176 1055 quae
191 1004 244 1042 inest
258 1004 278 1041 in
294 1002 369 1041 verbis:
386 1001 406 1043 ἐν
417 997 458 1056 γὰρ
468 1002 505 1056 xp.
518 1004 563 1044 κτλ.
590 1002 628 1044 καί
644 1006 703 1056 ntqae
718 1003 748 1042 ita
764 1003 782 1039 h.
798 1002 811 1043 l.

125 1081 146 1120 id
161 1084 198 1125 ent,
216 1079 300 1131 quippe,
316 1090 334 1115 v.
346 1076 467 1115 Fritzsch.
483 1077 509 1114 ad
519 1076 588 1114 Manh.
599 1090 617 1125 p.
631 1079 663 1114 59.
675 1073 759 1131 -Ἰσρ,
775 1077 813 1119 τοῦ

125 1153 178 1196 ξτεοῦ
196 1165 271 1203 oppon.
282 1148 368 1209 τῷἸσρ.
382 1146 440 1193 κατὰ
452 1147 524 1206 σάρκα
534 1149 593 1189 Rom.
605 1154 625 1199 9,
639 1153 655 1188 6.
671 1138 736 1189 lrrtell.
753 1164 813 1191 veros
838 1185 842 1187 .

126 1227 236 1266 Abraharni
252 1232 344 1277 posteros
359 1226 372 1263 i.
388 1239 404 1265 e,
421 1223 548 1264 Christianos
563 1221 613 1275 τοὺς
628 1222 778 1278 πιστεύοντας,
795 1240 812 1266 v.

125 1303 151 1340 ad
168 1304 186 1348 3,
204 1304 237 1338 99.

183 1376 207 1415 V.
228 1378 257 1412 17.
283 1375 320 1417 τοῦ
339 1377 391 1416 licta·
407 1374 525 1425 plerumque
541 1380 628 1413 vertunt:
644 1375 698 1426 quod
714 1375 812 1426 reliquum

126 1458 166 1499 est,
182 1450 251 1500 Vulg.:
268 1450 291 1490 de
308 1454 398 1498 osteiet¹o;
414 1461 482 1487 verum
499 1455 552 1488 recte
562 1450 601 1487 iam
614 1450 683 1488 docuit
693 1449 814 1500 Koppius,

126 1539 150 1564 eo
166 1537 225 1563 sensu
242 1524 280 1562 dici
296 1520 319 1565 τὸ
335 1519 405 1566 λοιπόν
422 1525 432 1560 9
450 1521 497 1561 Gor.
516 1526 551 1570 13,
571 1527 600 1562 11.
626 1524 749 1572 lThess.4,
763 1528 779 1565 1.
796 1538 813 1564 a.

126 1600 197 1650 Itaque
208 1598 349 1648 explicandum
361 1598 428 1648 potius
440 1610 455 1635 c.
468 1596 568 1636 Grotio:
577 1599 671 1651 posthac,
682 1598 815 1651 inposterum

128 1674 152 1712 cf.
168 1673 245 1711 Herod.
258 1675 276 1718 3,
291 1675 321 1709 15.
338 1671 389 1709 Xen.
401 1673 467 1709 Anab.
480 1673 499 1719 5,
511 1675 530 1719 7,
543 1674 575 1709 34.
593 1674 611 1718 6,
623 1675 643 1719 4,
657 1676 688 1710 11,
698 1672 814 1712 Herodian.

128 1751 147 1796 8,
159 1751 177 1785 4,
197 1746 279 1785 Lucian.
292 1745 348 1784 Asin.
366 1759 382 1784 c.
395 1746 427 1783 38.
443 1745 467 1785 al.
484 1758 501 1783 v.
519 1744 637 1784 Wetsten.
653 1747 712 1786 adh.
728 1747 741 1784 l.
764 1748 816 1786 Mira

128 1828 158 1861 est
176 1827 242 1860 autem
261 1822 282 1858 in
301 1820 331 1858 his
351 1833 381 1858 vv.
402 1833 434 1870 ap.
454 1818 535 1871 Origen.
555 1820 583 1870 (c.
600 1820 662 1859 Marc.
678 1823 696 1860 5.
719 1835 738 1872 p.
757 1823 815 1875 141.)

55 1924 61 1929 ,
128 1897 225 1936 variatio:
245 1895 286 1937 τῶν
306 1890 374 1937 ἄλλων
393 1891 474 1944 κόπους
493 1910 528 1948 μοι
548 1893 622 1951 μηδεὶς
637 1897 771 1951 παρεχέσῖἲω.
788 1919 816 1925 ——

130 1968 169 2025 ἐγὼ
186 1967 228 2025 γάρ
244 1977 281 2008 etc.
298 1982 344 2008 narn
360 1968 418 2008 nimis
433 1968 472 2007 iam
488 1969 573 2008 afflictus
588 1982 638 2008 sum.
669 1970 778 2026 στίγματα
794 1974 817 2023 (ιι

129 2046 204 2096 σιίζιιι
219 2044 308 2094 Xenoph
330 2045 395 2082 Anah.
412 2047 436 2091 5,
452 2047 475 2092 4,
493 2046 537 2093 39.)
556 2057 587 2094 pr.
608 2050 654 2083 sunt
673 2051 744 2092 notae,
765 2059 817 2097 quae

53 2108 55 2110 ‚
129 2120 193 2160 servis
212 2118 287 2167 (Plaut.
308 2116 373 2159 Oasin,
391 2120 412 2166 2,
431 2121 452 2166 6,
469 2121 501 2155 49.
525 2119 586 2168 Apul.
602 2119 680 2157 Metam.
693 2122 716 2157 ’9,
739 2119 816 2177 Herod.

131 2198 150 2243 7,
167 2196 215 2234 939.
230 2193 271 2251 Dio
288 2191 343 2232 Cass.
360 2195 394 2240 47,
412 2195 443 2230 10,
459 2192 519 2244 Diog.
536 2192 601 2231 Laert.
618 2195 637 2241 3,
654 2197 687 2232 46,
703 2194 747 2233 Val.
763 2195 817 2234 Max.

133 2272 152 2318 6,
169 2270 188 2317 8,
204 2249 245 2319 7.),
268 2268 383 2307 hominibus
401 2267 521 2307 facinorosis
541 2267 609 2317 (Plato
629 2269 680 2320 legg.
697 2272 715 2306 9.
733 2283 753 2320 p.
770 2272 817 2308 993.
843 2317 844 2320 Ἴ

130 2342 211 2383 Sueton.
228 2341 289 2393 Calig.
308 2347 326 2390 9,
344 2344 399 2393 77),
420 2342 514 2391 militibus
531 2343 607 2395 (Veget
629 2344 652 2381 de
668 2357 690 2382 re
706 2344 744 2383 mil.
764 2348 781 2392 1,
798 2347 817 2383 8.

131 2422 151 2466 9,
164 2417 201 2467 5.),
216 2418 248 2455 vel
263 2427 425 2468 poenae‘caussa
436 2414 512 2466 (Senec.
524 2418 546 2456 ir.
560 2419 578 2465 3,
591 2419 609 2454 3.
625 2416 706 2455 Petron.
717 2416 756 2456 Sat.
772 2421 817 2456 108.

130 2493 175 2531 Val.
186 2493 239 2532 linx.
252 2495 271 2540 6,
283 2492 302 2539 8,
314 2490 351 2540 7.),
367 2492 398 2529 vel
414 2496 445 2538 ut,
461 2492 478 2530 si
488 2491 555 2543 fugam
567 2492 721 2542 capessivissent
731 2492 816 2542 (Auson.

131 2567 193 2618 epigr.
215 2566 264 2615 15),
280 2579 304 2604 eo
323 2565 401 2604 facilius
421 2572 505 2616 possent
520 2566 653 2617 deprehendi,
668 2567 743 2617 passim
759 2567 817 2606 etiam

131 2642 172 2689 his,
188 2640 221 2693 qui
237 2641 300 2679 sacris
315 2642 403 2680 numinis
419 2641 503 2680 alicuius
518 2620 540 2681 se
556 2641 614 2693 quasi
624 2641 739 2680 addicerent
751 2642 817 2693 [Philo

133 2717 157 2755 de
173 2716 276 2754 monarch.
291 2729 311 2766 p.
324 2718 370 2754 819.
382 2715 404 2754 C.
420 2715 514 2755 Prudent.
530 2715 641 2767 Peristeph.
661 2720 692 2765 10,
711 2719 763 2755 1076
774 2729 818 2768 sqq.
