<?xml version="1.0" encoding="UTF-8"?>
<!DOCTYPE html PUBLIC "-//W3C//DTD XHTML 1.0 Transitional//EN"
    "http://www.w3.org/TR/xhtml1/DTD/xhtml1-transitional.dtd">
<html xmlns="http://www.w3.org/1999/xhtml" xml:lang="en" lang="en">
 <head>
  <title>
</title>
<meta http-equiv="Content-Type" content="text/html;charset=utf-8" />
  <meta name='ocr-system' content='tesseract 3.04.00' />
  <meta name='ocr-capabilities' content='ocr_page ocr_carea ocr_par ocr_line ocrx_word'/>
</head>
<body>
  <div class='ocr_page' id='page_1' title='image "MN41966ucmf_4_0192.png"; bbox 0 0 1723 3054; ppageno 0'>
   <div class='ocr_carea' id='block_1_1' title="bbox 130 224 572 272">
    <p class='ocr_par' dir='ltr' id='par_1_1' title="bbox 130 224 572 272">
     <span class='ocr_line' id='line_1_1' title="bbox 130 224 572 272; baseline -0.007 -1"><span class='ocrx_word' id='word_1_1' title='bbox 130 226 171 272; x_wconf 76' lang='grc'>164</span> <span class='ocrx_word' id='word_1_2' title='bbox 253 261 257 265; x_wconf 34' lang='lat' dir='ltr'><em>f</em></span> <span class='ocrx_word' id='word_1_3' title='bbox 376 224 520 268; x_wconf 77' lang='lat' dir='ltr'>EXCURSUS</span> <span class='ocrx_word' id='word_1_4' title='bbox 535 227 545 267; x_wconf 91' lang='grc' dir='ltr'>Ι</span> <span class='ocrx_word' id='word_1_5' title='bbox 557 226 572 268; x_wconf 88' lang='grc' dir='ltr'>Ι.</span> 
     </span>
    </p>
   </div>
   <div class='ocr_carea' id='block_1_2' title="bbox 131 328 818 405">
    <p class='ocr_par' dir='ltr' id='par_1_2' title="bbox 131 328 818 405">
     <span class='ocr_line' id='line_1_2' title="bbox 131 328 818 405; baseline 0.001 -15"><span class='ocrx_word' id='word_1_6' title='bbox 131 328 818 405; x_wconf 56' lang='lat' dir='ltr'>prorumpunt-inrumrnrabnnnamrnrr</span> 
     </span>
    </p>
   </div>
   <div class='ocr_carea' id='block_1_3' title="bbox 76 429 819 1451">
    <p class='ocr_par' dir='ltr' id='par_1_3' title="bbox 76 429 819 1082">
     <span class='ocr_line' id='line_1_3' title="bbox 131 429 818 481; baseline 0.003 -14"><span class='ocrx_word' id='word_1_7' title='bbox 131 430 187 481; x_wconf 85' lang='lat' dir='ltr'>quasi</span> <span class='ocrx_word' id='word_1_8' title='bbox 203 430 278 468; x_wconf 84' lang='lat' dir='ltr'>dicant:</span> <span class='ocrx_word' id='word_1_9' title='bbox 297 430 340 478; x_wconf 76' lang='lat' dir='ltr'>hic,</span> <span class='ocrx_word' id='word_1_10' title='bbox 357 443 414 481; x_wconf 88' lang='lat' dir='ltr'>quem</span> <span class='ocrx_word' id='word_1_11' title='bbox 429 436 450 468; x_wconf 86' lang='lat' dir='ltr'>tu</span> <span class='ocrx_word' id='word_1_12' title='bbox 467 435 572 480; x_wconf 73' lang='lat' dir='ltr'>tantopere</span> <span class='ocrx_word' id='word_1_13' title='bbox 587 429 668 479; x_wconf 80' lang='lat' dir='ltr'>laudas,</span> <span class='ocrx_word' id='word_1_14' title='bbox 689 431 744 470; x_wconf 87' lang='lat' dir='ltr'>cuius</span> <span class='ocrx_word' id='word_1_15' title='bbox 759 431 818 469; x_wconf 81' lang='lat' dir='ltr'>aliam</span> 
     </span>
     <span class='ocr_line' id='line_1_4' title="bbox 76 493 819 556; baseline -0.001 -13"><span class='ocrx_word' id='word_1_16' title='bbox 76 493 81 495; x_wconf 34' lang='grc'><em>“</em></span> <span class='ocrx_word' id='word_1_17' title='bbox 130 513 188 556; x_wconf 86' lang='lat' dir='ltr'>atque</span> <span class='ocrx_word' id='word_1_18' title='bbox 205 511 315 543; x_wconf 87' lang='lat' dir='ltr'>ceterorum</span> <span class='ocrx_word' id='word_1_19' title='bbox 331 505 435 543; x_wconf 88' lang='lat' dir='ltr'>hominurn</span> <span class='ocrx_word' id='word_1_20' title='bbox 450 505 512 543; x_wconf 81' lang='lat' dir='ltr'>fuisse</span> <span class='ocrx_word' id='word_1_21' title='bbox 528 510 618 543; x_wconf 83' lang='lat' dir='ltr'>naturam</span> <span class='ocrx_word' id='word_1_22' title='bbox 639 506 728 553; x_wconf 88' lang='lat' dir='ltr'>dictitas;</span> <span class='ocrx_word' id='word_1_23' title='bbox 752 505 772 556; x_wconf 79' lang='lat'>4)</span> <span class='ocrx_word' id='word_1_24' title='bbox 788 506 819 543; x_wconf 91' lang='lat' dir='ltr'>in-</span> 
     </span>
     <span class='ocr_line' id='line_1_5' title="bbox 130 580 819 630; baseline -0.001 -12"><span class='ocrx_word' id='word_1_25' title='bbox 130 587 176 630; x_wconf 83' lang='lat' dir='ltr'>epta</span> <span class='ocrx_word' id='word_1_26' title='bbox 195 581 224 618; x_wconf 86' lang='lat' dir='ltr'>sic</span> <span class='ocrx_word' id='word_1_27' title='bbox 243 580 298 619; x_wconf 86' lang='lat' dir='ltr'>nasci</span> <span class='ocrx_word' id='word_1_28' title='bbox 318 580 396 618; x_wconf 87' lang='lat' dir='ltr'>videtur</span> <span class='ocrx_word' id='word_1_29' title='bbox 417 580 523 618; x_wconf 80' lang='lat' dir='ltr'>sententia:</span> <span class='ocrx_word' id='word_1_30' title='bbox 546 593 591 618; x_wconf 89' lang='lat' dir='ltr'>nam</span> <span class='ocrx_word' id='word_1_31' title='bbox 615 592 664 630; x_wconf 80' lang='lat' dir='ltr'>qnae</span> <span class='ocrx_word' id='word_1_32' title='bbox 687 582 767 618; x_wconf 88' lang='lat' dir='ltr'>tandem</span> <span class='ocrx_word' id='word_1_33' title='bbox 789 585 819 619; x_wconf 87' lang='lat' dir='ltr'>est</span> 
     </span>
     <span class='ocr_line' id='line_1_6' title="bbox 130 654 819 705; baseline 0 -13"><span class='ocrx_word' id='word_1_34' title='bbox 130 654 189 693; x_wconf 79' lang='lat' dir='ltr'>haec</span> <span class='ocrx_word' id='word_1_35' title='bbox 202 655 316 693; x_wconf 84' lang='lat' dir='ltr'>conclusio:</span> <span class='ocrx_word' id='word_1_36' title='bbox 339 655 448 705; x_wconf 79' lang='lat' dir='ltr'>promissio</span> <span class='ocrx_word' id='word_1_37' title='bbox 470 655 584 693; x_wconf 68' lang='lat' dir='ltr'>abrahamo</span> <span class='ocrx_word' id='word_1_38' title='bbox 608 655 652 694; x_wconf 90' lang='lat' dir='ltr'>sine</span> <span class='ocrx_word' id='word_1_39' title='bbox 674 655 737 693; x_wconf 85' lang='lat' dir='ltr'>Musis</span> <span class='ocrx_word' id='word_1_40' title='bbox 752 655 819 693; x_wconf 84' lang='lat' dir='ltr'>‘inter-</span> 
     </span>
     <span class='ocr_line' id='line_1_7' title="bbox 130 729 819 779; baseline 0 -13"><span class='ocrx_word' id='word_1_41' title='bbox 130 735 190 767; x_wconf 80' lang='lat' dir='ltr'>ventu</span> <span class='ocrx_word' id='word_1_42' title='bbox 206 729 260 767; x_wconf 75' lang='lat' dir='ltr'>faeta</span> <span class='ocrx_word' id='word_1_43' title='bbox 275 736 315 777; x_wconf 80' lang='lat' dir='ltr'>est7</span> <span class='ocrx_word' id='word_1_44' title='bbox 333 729 367 767; x_wconf 83' lang='lat' dir='ltr'>lex</span> <span class='ocrx_word' id='word_1_45' title='bbox 383 742 431 767; x_wconf 90' lang='lat' dir='ltr'>vero</span> <span class='ocrx_word' id='word_1_46' title='bbox 447 729 495 766; x_wconf 81' lang='lat' dir='ltr'>data</span> <span class='ocrx_word' id='word_1_47' title='bbox 513 730 647 768; x_wconf 76' lang='lat' dir='ltr'>intercedente</span> <span class='ocrx_word' id='word_1_48' title='bbox 666 730 734 768; x_wconf 83' lang='lat' dir='ltr'>Mose:</span> <span class='ocrx_word' id='word_1_49' title='bbox 751 729 819 779; x_wconf 86' lang='lat' dir='ltr'>itaque</span> 
     </span>
     <span class='ocr_line' id='line_1_8' title="bbox 131 783 819 855; baseline -0.001 -14"><span class='ocrx_word' id='word_1_50' title='bbox 131 804 164 842; x_wconf 80' lang='lat' dir='ltr'>lex</span> <span class='ocrx_word' id='word_1_51' title='bbox 185 817 226 842; x_wconf 88' lang='lat' dir='ltr'>non</span> <span class='ocrx_word' id='word_1_52' title='bbox 245 810 314 854; x_wconf 80' lang='lat' dir='ltr'>potest</span> <span class='ocrx_word' id='word_1_53' title='bbox 335 804 407 842; x_wconf 87' lang='lat' dir='ltr'>tollere</span> <span class='ocrx_word' id='word_1_54' title='bbox 429 783 596 854; x_wconf 85' lang='lat' dir='ltr'>promissionem!</span> <span class='ocrx_word' id='word_1_55' title='bbox 626 802 717 853; x_wconf 79' lang='lat' dir='ltr'>Scilicet,</span> <span class='ocrx_word' id='word_1_56' title='bbox 736 804 753 842; x_wconf 92' lang='lat' dir='ltr'>si</span> <span class='ocrx_word' id='word_1_57' title='bbox 771 817 819 855; x_wconf 86' lang='lat' dir='ltr'>pro·</span> 
     </span>
     <span class='ocr_line' id='line_1_9' title="bbox 130 878 818 930; baseline 0.001 -15"><span class='ocrx_word' id='word_1_58' title='bbox 130 879 200 917; x_wconf 89' lang='lat' dir='ltr'>missio</span> <span class='ocrx_word' id='word_1_59' title='bbox 225 879 342 916; x_wconf 83' lang='lat' dir='ltr'>Abrahamo</span> <span class='ocrx_word' id='word_1_60' title='bbox 368 879 483 930; x_wconf 83' lang='lat' dir='ltr'>contigisset</span> <span class='ocrx_word' id='word_1_61' title='bbox 508 878 565 917; x_wconf 88' lang='lat' dir='ltr'>Mose</span> <span class='ocrx_word' id='word_1_62' title='bbox 591 886 610 916; x_wconf 81' lang='lat' dir='ltr'>et</span> <span class='ocrx_word' id='word_1_63' title='bbox 634 880 678 930; x_wconf 88' lang='lat' dir='ltr'>ipsc</span> <span class='ocrx_word' id='word_1_64' title='bbox 704 880 818 929; x_wconf 82' lang='lat' dir='ltr'>interprete,</span> 
     </span>
     <span class='ocr_line' id='line_1_10' title="bbox 130 953 817 1004; baseline 0.001 -15"><span class='ocrx_word' id='word_1_65' title='bbox 130 953 174 1000; x_wconf 84' lang='lat' dir='ltr'>lex,</span> <span class='ocrx_word' id='word_1_66' title='bbox 198 966 248 1004; x_wconf 87' lang='lat' dir='ltr'>quae</span> <span class='ocrx_word' id='word_1_67' title='bbox 270 954 357 1003; x_wconf 82' lang='lat' dir='ltr'>posthac</span> <span class='ocrx_word' id='word_1_68' title='bbox 376 959 445 992; x_wconf 84' lang='lat' dir='ltr'>secuta</span> <span class='ocrx_word' id='word_1_69' title='bbox 464 958 503 1001; x_wconf 76' lang='lat' dir='ltr'>est⁷</span> <span class='ocrx_word' id='word_1_70' title='bbox 527 955 642 992; x_wconf 86' lang='lat' dir='ltr'>necessario</span> <span class='ocrx_word' id='word_1_71' title='bbox 662 953 742 992; x_wconf 79' lang='lat' dir='ltr'>tolleret</span> <span class='ocrx_word' id='word_1_72' title='bbox 760 954 817 992; x_wconf 87' lang='lat' dir='ltr'>istam</span> 
     </span>
     <span class='ocr_line' id='line_1_11' title="bbox 131 1015 818 1082; baseline -0.009 -11"><span class='ocrx_word' id='word_1_73' title='bbox 131 1027 275 1082; x_wconf 72' lang='lat' dir='ltr'>s’rrurrrrtar?</span> <span class='ocrx_word' id='word_1_74' title='bbox 298 1015 343 1076; x_wconf 74' lang='lat' dir='ltr'>cur,</span> <span class='ocrx_word' id='word_1_75' title='bbox 367 1027 470 1066; x_wconf 87' lang='lat' dir='ltr'>obsecro?</span> <span class='ocrx_word' id='word_1_76' title='bbox 492 1040 559 1066; x_wconf 87' lang='lat' dir='ltr'>annon</span> <span class='ocrx_word' id='word_1_77' title='bbox 581 1031 648 1077; x_wconf 85' lang='lat' dir='ltr'>potuit</span> <span class='ocrx_word' id='word_1_78' title='bbox 669 1028 725 1066; x_wconf 89' lang='lat' dir='ltr'>Deus</span> <span class='ocrx_word' id='word_1_79' title='bbox 748 1028 818 1066; x_wconf 89' lang='lat' dir='ltr'>eodem</span> 
     </span>
    </p>

    <p class='ocr_par' dir='ltr' id='par_1_4' title="bbox 129 1100 819 1451">
     <span class='ocr_line' id='line_1_12' title="bbox 129 1100 817 1154; baseline 0.001 -14"><span class='ocrx_word' id='word_1_80' title='bbox 129 1105 238 1152; x_wconf 83' lang='lat' dir='ltr'>interprete</span> <span class='ocrx_word' id='word_1_81' title='bbox 254 1103 275 1140; x_wconf 91' lang='lat' dir='ltr'>in</span> <span class='ocrx_word' id='word_1_82' title='bbox 291 1100 374 1154; x_wconf 86' lang='lat' dir='ltr'>utraque</span> <span class='ocrx_word' id='word_1_83' title='bbox 391 1115 462 1142; x_wconf 80' lang='lat' dir='ltr'>caussa</span> <span class='ocrx_word' id='word_1_84' title='bbox 481 1106 519 1149; x_wconf 70' lang='lat' dir='ltr'>uti,</span> <span class='ocrx_word' id='word_1_85' title='bbox 539 1103 616 1148; x_wconf 81' lang='lat' dir='ltr'>etiamsi</span> <span class='ocrx_word' id='word_1_86' title='bbox 632 1115 673 1140; x_wconf 90' lang='lat' dir='ltr'>nou</span> <span class='ocrx_word' id='word_1_87' title='bbox 689 1102 750 1141; x_wconf 80' lang='lat' dir='ltr'>veliet</span> <span class='ocrx_word' id='word_1_88' title='bbox 766 1115 817 1141; x_wconf 79' lang='lat' dir='ltr'>coat-</span> 
     </span>
     <span class='ocr_line' id='line_1_13' title="bbox 130 1176 818 1231; baseline 0.001 -14"><span class='ocrx_word' id='word_1_89' title='bbox 130 1177 199 1217; x_wconf 75' lang='lat' dir='ltr'>trort&#39;c</span> <span class='ocrx_word' id='word_1_90' title='bbox 214 1177 343 1227; x_wconf 78' lang='lat' dir='ltr'>proponere?</span> <span class='ocrx_word' id='word_1_91' title='bbox 362 1178 461 1227; x_wconf 87' lang='lat' dir='ltr'>pendetne</span> <span class='ocrx_word' id='word_1_92' title='bbox 480 1177 511 1215; x_wconf 89' lang='lat' dir='ltr'>vis</span> <span class='ocrx_word' id='word_1_93' title='bbox 530 1183 550 1215; x_wconf 90' lang='lat' dir='ltr'>et</span> <span class='ocrx_word' id='word_1_94' title='bbox 565 1177 672 1216; x_wconf 84' lang='lat' dir='ltr'>auctoritas</span> <span class='ocrx_word' id='word_1_95' title='bbox 689 1176 818 1231; x_wconf 73' lang='grc' dir='ltr'>ἐπαγγελίας</span> 
     </span>
     <span class='ocr_line' id='line_1_14' title="bbox 129 1250 818 1303; baseline -0.003 -13"><span class='ocrx_word' id='word_1_96' title='bbox 129 1258 163 1290; x_wconf 84' lang='lat' dir='ltr'>aut</span> <span class='ocrx_word' id='word_1_97' title='bbox 181 1250 230 1303; x_wconf 78' lang='lat' dir='ltr'>legis</span> <span class='ocrx_word' id='word_1_98' title='bbox 249 1253 273 1291; x_wconf 89' lang='lat' dir='ltr'>ab</span> <span class='ocrx_word' id='word_1_99' title='bbox 292 1252 413 1302; x_wconf 80' lang='lat' dir='ltr'>interprete?</span> <span class='ocrx_word' id='word_1_100' title='bbox 443 1251 499 1290; x_wconf 91' lang='lat' dir='ltr'>Haec</span> <span class='ocrx_word' id='word_1_101' title='bbox 517 1251 581 1289; x_wconf 87' lang='lat' dir='ltr'>fateor</span> <span class='ocrx_word' id='word_1_102' title='bbox 600 1265 630 1289; x_wconf 85' lang='lat' dir='ltr'>me</span> <span class='ocrx_word' id='word_1_103' title='bbox 646 1265 687 1289; x_wconf 91' lang='lat' dir='ltr'>non</span> <span class='ocrx_word' id='word_1_104' title='bbox 702 1252 750 1290; x_wconf 83' lang='lat' dir='ltr'>satis</span> <span class='ocrx_word' id='word_1_105' title='bbox 765 1263 818 1290; x_wconf 85' lang='lat' dir='ltr'>asse-</span> 
     </span>
     <span class='ocr_line' id='line_1_15' title="bbox 130 1324 819 1377; baseline 0 -13"><span class='ocrx_word' id='word_1_106' title='bbox 130 1327 169 1377; x_wconf 86' lang='lat' dir='ltr'>qui.</span> <span class='ocrx_word' id='word_1_107' title='bbox 201 1324 240 1364; x_wconf 85' lang='lat' dir='ltr'>Sed</span> <span class='ocrx_word' id='word_1_108' title='bbox 259 1326 302 1376; x_wconf 88' lang='lat' dir='ltr'>ipse</span> <span class='ocrx_word' id='word_1_109' title='bbox 317 1325 340 1364; x_wconf 85' lang='lat' dir='ltr'>B.</span> <span class='ocrx_word' id='word_1_110' title='bbox 356 1326 409 1364; x_wconf 86' lang='lat' dir='ltr'>hand</span> <span class='ocrx_word' id='word_1_111' title='bbox 425 1326 511 1365; x_wconf 82' lang='lat' dir='ltr'>multum</span> <span class='ocrx_word' id='word_1_112' title='bbox 526 1327 613 1364; x_wconf 87' lang='lat' dir='ltr'>tribuere</span> <span class='ocrx_word' id='word_1_113' title='bbox 629 1327 707 1364; x_wconf 84' lang='lat' dir='ltr'>videtur</span> <span class='ocrx_word' id='word_1_114' title='bbox 722 1326 768 1364; x_wconf 86' lang='lat' dir='ltr'>huic</span> <span class='ocrx_word' id='word_1_115' title='bbox 784 1338 819 1364; x_wconf 81' lang='lat' dir='ltr'>ex-</span> 
     </span>
     <span class='ocr_line' id='line_1_16' title="bbox 129 1399 818 1451; baseline 0 -13"><span class='ocrx_word' id='word_1_116' title='bbox 129 1400 242 1451; x_wconf 82' lang='lat' dir='ltr'>plicationi3</span> <span class='ocrx_word' id='word_1_117' title='bbox 258 1414 304 1439; x_wconf 86' lang='lat' dir='ltr'>nam</span> <span class='ocrx_word' id='word_1_118' title='bbox 322 1401 383 1439; x_wconf 83' lang='lat' dir='ltr'>aliam</span> <span class='ocrx_word' id='word_1_119' title='bbox 402 1401 506 1439; x_wconf 86' lang='lat' dir='ltr'>subiunxit</span> <span class='ocrx_word' id='word_1_120' title='bbox 525 1400 582 1439; x_wconf 84' lang='lat' dir='ltr'>valde</span> <span class='ocrx_word' id='word_1_121' title='bbox 602 1399 746 1449; x_wconf 68' lang='lat' dir='ltr'>diversam90).</span> <span class='ocrx_word' id='word_1_122' title='bbox 776 1400 818 1438; x_wconf 82' lang='lat' dir='ltr'>Ex-</span> 
     </span>
    </p>
   </div>
   <div class='ocr_carea' id='block_1_4' title="bbox 128 1475 817 1606">
    <p class='ocr_par' dir='ltr' id='par_1_5' title="bbox 128 1475 817 1606">
     <span class='ocr_line' id='line_1_17' title="bbox 128 1475 817 1525; baseline -0.001 -12"><span class='ocrx_word' id='word_1_123' title='bbox 128 1477 202 1515; x_wconf 85' lang='lat' dir='ltr'>istimat</span> <span class='ocrx_word' id='word_1_124' title='bbox 224 1476 276 1514; x_wconf 90' lang='lat' dir='ltr'>enim</span> <span class='ocrx_word' id='word_1_125' title='bbox 295 1475 380 1514; x_wconf 79' lang='lat' dir='ltr'>Panium</span> <span class='ocrx_word' id='word_1_126' title='bbox 404 1475 507 1517; x_wconf 72' lang='lat' dir='ltr'>circumice</span> <span class='ocrx_word' id='word_1_127' title='bbox 529 1476 558 1515; x_wconf 88' lang='lat' dir='ltr'>sic</span> <span class='ocrx_word' id='word_1_128' title='bbox 581 1475 694 1525; x_wconf 82' lang='lat' dir='ltr'>scripsisse:</span> <span class='ocrx_word' id='word_1_129' title='bbox 717 1475 817 1521; x_wconf 54' lang='lat' dir='ltr'>*Qum</span> 
     </span>
     <span class='ocr_line' id='line_1_18' title="bbox 129 1540 817 1606; baseline 0.001 -12"><span class='ocrx_word' id='word_1_130' title='bbox 129 1559 187 1603; x_wconf 60' lang='lat'>717&amp;</span> <span class='ocrx_word' id='word_1_131' title='bbox 208 1540 277 1602; x_wconf 53' lang='grc' dir='ltr'>ΠΒΝἸ</span> <span class='ocrx_word' id='word_1_132' title='bbox 298 1558 350 1604; x_wconf 72' lang='grc' dir='ltr'>ΠἹΠ</span> <span class='ocrx_word' id='word_1_133' title='bbox 370 1540 405 1606; x_wconf 46' lang='lat' dir='ltr'>NS</span> <span class='ocrx_word' id='word_1_134' title='bbox 426 1557 496 1604; x_wconf 61' lang='grc' dir='ltr'>ἾΠΝ,</span> <span class='ocrx_word' id='word_1_135' title='bbox 512 1556 583 1594; x_wconf 88' lang='lat' dir='ltr'>horum</span> <span class='ocrx_word' id='word_1_136' title='bbox 599 1562 664 1593; x_wconf 87' lang='lat' dir='ltr'>antem</span> <span class='ocrx_word' id='word_1_137' title='bbox 680 1568 760 1595; x_wconf 87' lang='lat' dir='ltr'>sensum</span> <span class='ocrx_word' id='word_1_138' title='bbox 776 1570 817 1595; x_wconf 92' lang='lat' dir='ltr'>non</span> 
     </span>
    </p>
   </div>
   <div class='ocr_carea' id='block_1_5' title="bbox 129 1631 817 1683">
    <p class='ocr_par' dir='ltr' id='par_1_6' title="bbox 129 1631 817 1683">
     <span class='ocr_line' id='line_1_19' title="bbox 129 1631 817 1683; baseline 0.001 -15"><span class='ocrx_word' id='word_1_139' title='bbox 129 1637 183 1670; x_wconf 88' lang='lat' dir='ltr'>recte</span> <span class='ocrx_word' id='word_1_140' title='bbox 205 1632 320 1682; x_wconf 89' lang='lat' dir='ltr'>percepisse</span> <span class='ocrx_word' id='word_1_141' title='bbox 344 1633 482 1682; x_wconf 83' lang='lat' dir='ltr'>interpretem,</span> <span class='ocrx_word' id='word_1_142' title='bbox 505 1631 579 1683; x_wconf 89' lang='lat' dir='ltr'>quippe</span> <span class='ocrx_word' id='word_1_143' title='bbox 602 1644 652 1682; x_wconf 85' lang='lat' dir='ltr'>quae</span> <span class='ocrx_word' id='word_1_144' title='bbox 674 1644 746 1682; x_wconf 82' lang='lat' dir='ltr'>graece</span> <span class='ocrx_word' id='word_1_145' title='bbox 769 1644 817 1670; x_wconf 86' lang='lat' dir='ltr'>con-</span> 
     </span>
    </p>
   </div>
   <div class='ocr_carea' id='block_1_6' title="bbox 128 1702 818 1914">
    <p class='ocr_par' dir='ltr' id='par_1_7' title="bbox 128 1702 818 1914">
     <span class='ocr_line' id='line_1_20' title="bbox 129 1702 818 1774; baseline -0.006 -30"><span class='ocrx_word' id='word_1_146' title='bbox 129 1707 181 1744; x_wconf 88' lang='lat' dir='ltr'>verti</span> <span class='ocrx_word' id='word_1_147' title='bbox 197 1706 293 1745; x_wconf 88' lang='lat' dir='ltr'>deberent</span> <span class='ocrx_word' id='word_1_148' title='bbox 307 1707 344 1744; x_wconf 88' lang='lat' dir='ltr'>ita:</span> <span class='ocrx_word' id='word_1_149' title='bbox 364 1702 374 1748; x_wconf 79' lang='grc' dir='ltr'><em>ὃ</em></span> <span class='ocrx_word' id='word_1_150' title='bbox 392 1706 414 1749; x_wconf 77' lang='grc' dir='ltr'>δὲ</span> <span class='ocrx_word' id='word_1_151' title='bbox 431 1707 519 1764; x_wconf 77' lang='grc' dir='ltr'>μεσίτης</span> <span class='ocrx_word' id='word_1_152' title='bbox 534 1706 668 1764; x_wconf 71' lang='grc' dir='ltr'>κληρονομῶν</span> <span class='ocrx_word' id='word_1_153' title='bbox 685 1706 753 1774; x_wconf 48' lang='grc' dir='ltr'>(Ἶῌὲξ</span> <span class='ocrx_word' id='word_1_154' title='bbox 771 1720 818 1758; x_wconf 82' lang='lat' dir='ltr'>par-</span> 
     </span>
     <span class='ocr_line' id='line_1_21' title="bbox 128 1779 817 1842; baseline 0.001 -18"><span class='ocrx_word' id='word_1_155' title='bbox 128 1787 160 1824; x_wconf 85' lang='lat' dir='ltr'>tic.</span> <span class='ocrx_word' id='word_1_156' title='bbox 177 1786 232 1825; x_wconf 88' lang='lat' dir='ltr'>verbi</span> <span class='ocrx_word' id='word_1_157' title='bbox 254 1785 312 1833; x_wconf 64' lang='grc' dir='ltr'>ἾΠΝ</span> <span class='ocrx_word' id='word_1_158' title='bbox 328 1787 340 1824; x_wconf 87' lang='lat' dir='ltr'>i.</span> <span class='ocrx_word' id='word_1_159' title='bbox 352 1801 369 1825; x_wconf 89' lang='lat' dir='ltr'>e.</span> <span class='ocrx_word' id='word_1_160' title='bbox 387 1790 447 1836; x_wconf 57' lang='lat' dir='ltr'>titii}</span> <span class='ocrx_word' id='word_1_161' title='bbox 465 1783 503 1829; x_wconf 76' lang='grc' dir='ltr'>οὐκ</span> <span class='ocrx_word' id='word_1_162' title='bbox 518 1779 554 1842; x_wconf 75' lang='grc' dir='ltr'>ἦν,</span> <span class='ocrx_word' id='word_1_163' title='bbox 570 1783 580 1827; x_wconf 80' lang='grc' dir='ltr'>ὃ</span> <span class='ocrx_word' id='word_1_164' title='bbox 597 1785 621 1829; x_wconf 78' lang='grc' dir='ltr'>δὲ</span> <span class='ocrx_word' id='word_1_165' title='bbox 635 1783 687 1836; x_wconf 57' lang='lat' dir='ltr'>natu</span> <span class='ocrx_word' id='word_1_166' title='bbox 697 1788 717 1837; x_wconf 81' lang='lat' dir='ltr'>(i.</span> <span class='ocrx_word' id='word_1_167' title='bbox 728 1801 744 1826; x_wconf 90' lang='lat' dir='ltr'>e.</span> <span class='ocrx_word' id='word_1_168' title='bbox 755 1800 817 1838; x_wconf 91' lang='lat' dir='ltr'>quan·</span> 
     </span>
     <span class='ocr_line' id='line_1_22' title="bbox 131 1858 817 1914; baseline 0 -14"><span class='ocrx_word' id='word_1_169' title='bbox 131 1876 190 1914; x_wconf 84' lang='lat' dir='ltr'>quam</span> <span class='ocrx_word' id='word_1_170' title='bbox 213 1862 280 1913; x_wconf 81' lang='lat' dir='ltr'>Deus)</span> <span class='ocrx_word' id='word_1_171' title='bbox 302 1858 332 1913; x_wconf 72' lang='grc' dir='ltr'>εἷς</span> <span class='ocrx_word' id='word_1_172' title='bbox 351 1862 415 1905; x_wconf 61' lang='lat' dir='ltr'>doctu!</span> <span class='ocrx_word' id='word_1_173' title='bbox 445 1860 493 1899; x_wconf 86' lang='lat' dir='ltr'>Non</span> <span class='ocrx_word' id='word_1_174' title='bbox 516 1875 638 1912; x_wconf 84' lang='lat' dir='ltr'>magnopere</span> <span class='ocrx_word' id='word_1_175' title='bbox 661 1862 733 1910; x_wconf 84' lang='lat' dir='ltr'>miror,</span> <span class='ocrx_word' id='word_1_176' title='bbox 755 1863 817 1901; x_wconf 87' lang='lat' dir='ltr'>inter-</span> 
     </span>
    </p>
   </div>
   <div class='ocr_carea' id='block_1_7' title="bbox 127 1937 818 2515">
    <p class='ocr_par' dir='ltr' id='par_1_8' title="bbox 127 1937 818 2515">
     <span class='ocr_line' id='line_1_23' title="bbox 129 1937 817 1988; baseline 0.001 -13"><span class='ocrx_word' id='word_1_177' title='bbox 129 1944 204 1988; x_wconf 85' lang='lat' dir='ltr'>pretem</span> <span class='ocrx_word' id='word_1_178' title='bbox 220 1950 314 1988; x_wconf 81' lang='lat' dir='ltr'>graecum</span> <span class='ocrx_word' id='word_1_179' title='bbox 330 1937 433 1976; x_wconf 80' lang='lat' dir='ltr'>chaldaica</span> <span class='ocrx_word' id='word_1_180' title='bbox 447 1937 497 1974; x_wconf 87' lang='lat' dir='ltr'>haec</span> <span class='ocrx_word' id='word_1_181' title='bbox 507 1949 614 1987; x_wconf 84' lang='lat' dir='ltr'>perperam</span> <span class='ocrx_word' id='word_1_182' title='bbox 625 1937 757 1985; x_wconf 74' lang='lat' dir='ltr'>intellexisse3</span> <span class='ocrx_word' id='word_1_183' title='bbox 771 1950 817 1976; x_wconf 88' lang='lat' dir='ltr'>nam</span> 
     </span>
     <span class='ocr_line' id='line_1_24' title="bbox 128 2011 818 2063; baseline 0 -13"><span class='ocrx_word' id='word_1_184' title='bbox 128 2013 227 2051; x_wconf 84' lang='lat' dir='ltr'>neminem</span> <span class='ocrx_word' id='word_1_185' title='bbox 246 2019 294 2063; x_wconf 83' lang='lat' dir='ltr'>puto</span> <span class='ocrx_word' id='word_1_186' title='bbox 314 2019 368 2051; x_wconf 83' lang='lat' dir='ltr'>recte</span> <span class='ocrx_word' id='word_1_187' title='bbox 386 2011 533 2049; x_wconf 86' lang='lat' dir='ltr'>intellecturum</span> <span class='ocrx_word' id='word_1_188' title='bbox 549 2011 620 2050; x_wconf 82' lang='lat' dir='ltr'>fuisse:</span> <span class='ocrx_word' id='word_1_189' title='bbox 636 2018 675 2050; x_wconf 82' lang='lat' dir='ltr'>tam</span> <span class='ocrx_word' id='word_1_190' title='bbox 690 2012 756 2051; x_wconf 85' lang='lat' dir='ltr'>aliena</span> <span class='ocrx_word' id='word_1_191' title='bbox 770 2017 818 2051; x_wconf 85' lang='lat' dir='ltr'>sunt</span> 
     </span>
     <span class='ocr_line' id='line_1_25' title="bbox 128 2086 816 2138; baseline -0.001 -13"><span class='ocrx_word' id='word_1_192' title='bbox 128 2088 153 2125; x_wconf 86' lang='lat' dir='ltr'>ab</span> <span class='ocrx_word' id='word_1_193' title='bbox 174 2088 213 2125; x_wconf 89' lang='lat' dir='ltr'>hoc</span> <span class='ocrx_word' id='word_1_194' title='bbox 235 2087 292 2134; x_wconf 84' lang='lat' dir='ltr'>ioco,</span> <span class='ocrx_word' id='word_1_195' title='bbox 316 2089 340 2124; x_wconf 90' lang='lat' dir='ltr'>de</span> <span class='ocrx_word' id='word_1_196' title='bbox 359 2099 399 2138; x_wconf 90' lang='lat' dir='ltr'>quo</span> <span class='ocrx_word' id='word_1_197' title='bbox 420 2086 539 2137; x_wconf 84' lang='lat' dir='ltr'>quaerimus.</span> <span class='ocrx_word' id='word_1_198' title='bbox 570 2086 648 2125; x_wconf 85' lang='lat' dir='ltr'>Etenim</span> <span class='ocrx_word' id='word_1_199' title='bbox 675 2088 694 2138; x_wconf 86' lang='lat'>1)</span> <span class='ocrx_word' id='word_1_200' title='bbox 714 2088 816 2137; x_wconf 89' lang='lat' dir='ltr'>quomodo</span> 
     </span>
     <span class='ocr_line' id='line_1_26' title="bbox 129 2156 817 2217; baseline 0.007 -18"><span class='ocrx_word' id='word_1_201' title='bbox 129 2162 212 2200; x_wconf 86' lang='lat' dir='ltr'>Paulum</span> <span class='ocrx_word' id='word_1_202' title='bbox 228 2162 248 2200; x_wconf 87' lang='lat' dir='ltr'>i&#39;n</span> <span class='ocrx_word' id='word_1_203' title='bbox 264 2162 334 2199; x_wconf 81' lang='lat' dir='ltr'>miram</span> <span class='ocrx_word' id='word_1_204' title='bbox 348 2162 402 2199; x_wconf 87' lang='lat' dir='ltr'>hane</span> <span class='ocrx_word' id='word_1_205' title='bbox 413 2161 531 2199; x_wconf 84' lang='lat' dir='ltr'>sententiam</span> <span class='ocrx_word' id='word_1_206' title='bbox 549 2156 567 2211; x_wconf 77' lang='grc' dir='ltr'>(ὁ</span> <span class='ocrx_word' id='word_1_207' title='bbox 584 2162 606 2203; x_wconf 80' lang='grc' dir='ltr'>δὲ</span> <span class='ocrx_word' id='word_1_208' title='bbox 623 2173 668 2215; x_wconf 75' lang='lat' dir='ltr'>pso.</span> <span class='ocrx_word' id='word_1_209' title='bbox 684 2162 817 2217; x_wconf 78' lang='grc' dir='ltr'>κληρονομῶν</span> 
     </span>
     <span class='ocr_line' id='line_1_27' title="bbox 130 2233 816 2287; baseline -0.006 -9"><span class='ocrx_word' id='word_1_210' title='bbox 130 2233 168 2279; x_wconf 71' lang='grc' dir='ltr'>οὐκ</span> <span class='ocrx_word' id='word_1_211' title='bbox 185 2236 241 2287; x_wconf 79' lang='grc' dir='ltr'>ἐστί)</span> <span class='ocrx_word' id='word_1_212' title='bbox 258 2236 360 2287; x_wconf 84' lang='lat' dir='ltr'>delapsum</span> <span class='ocrx_word' id='word_1_213' title='bbox 378 2248 421 2275; x_wconf 90' lang='lat' dir='ltr'>esse</span> <span class='ocrx_word' id='word_1_214' title='bbox 433 2235 559 2274; x_wconf 77' lang='lat' dir='ltr'>existimem?</span> <span class='ocrx_word' id='word_1_215' title='bbox 575 2235 623 2273; x_wconf 88' lang='lat' dir='ltr'>illud</span> <span class='ocrx_word' id='word_1_216' title='bbox 639 2248 676 2286; x_wconf 88' lang='lat' dir='ltr'>per</span> <span class='ocrx_word' id='word_1_217' title='bbox 691 2248 712 2274; x_wconf 88' lang='lat' dir='ltr'>se</span> <span class='ocrx_word' id='word_1_218' title='bbox 728 2239 816 2286; x_wconf 70' lang='lat' dir='ltr'>patebat,</span> 
     </span>
     <span class='ocr_line' id='line_1_28' title="bbox 129 2293 817 2361; baseline 0.003 -14"><span class='ocrx_word' id='word_1_219' title='bbox 129 2324 165 2348; x_wconf 82' lang='lat' dir='ltr'>nec</span> <span class='ocrx_word' id='word_1_220' title='bbox 181 2312 205 2349; x_wconf 86' lang='lat' dir='ltr'>ab</span> <span class='ocrx_word' id='word_1_221' title='bbox 222 2311 263 2349; x_wconf 84' lang='lat' dir='ltr'>ulio</span> <span class='ocrx_word' id='word_1_222' title='bbox 283 2311 351 2361; x_wconf 85' lang='lat' dir='ltr'>aliquo</span> <span class='ocrx_word' id='word_1_223' title='bbox 370 2293 515 2360; x_wconf 31' lang='lat' dir='ltr'>hominepqui</span> <span class='ocrx_word' id='word_1_224' title='bbox 533 2317 623 2361; x_wconf 71' lang='lat' dir='ltr'>saperet,</span> <span class='ocrx_word' id='word_1_225' title='bbox 642 2311 662 2348; x_wconf 91' lang='lat' dir='ltr'>iu</span> <span class='ocrx_word' id='word_1_226' title='bbox 681 2311 761 2349; x_wconf 90' lang='lat' dir='ltr'>dubium</span> <span class='ocrx_word' id='word_1_227' title='bbox 782 2324 817 2349; x_wconf 85' lang='lat' dir='ltr'>vo-</span> 
     </span>
     <span class='ocr_line' id='line_1_29' title="bbox 129 2385 817 2444; baseline 0.006 -21"><span class='ocrx_word' id='word_1_228' title='bbox 129 2387 170 2424; x_wconf 85' lang='lat' dir='ltr'>cari</span> <span class='ocrx_word' id='word_1_229' title='bbox 186 2392 273 2436; x_wconf 88' lang='lat' dir='ltr'>poterat;</span> <span class='ocrx_word' id='word_1_230' title='bbox 293 2409 321 2414; x_wconf 83' lang='lat'>-</span> <span class='ocrx_word' id='word_1_231' title='bbox 344 2386 364 2435; x_wconf 60' lang='grc' dir='ltr'>ἓ)</span> <span class='ocrx_word' id='word_1_232' title='bbox 381 2385 439 2432; x_wconf 59' lang='grc' dir='ltr'>ἿΠΝ</span> <span class='ocrx_word' id='word_1_233' title='bbox 456 2388 479 2424; x_wconf 92' lang='lat' dir='ltr'>de</span> <span class='ocrx_word' id='word_1_234' title='bbox 498 2387 629 2444; x_wconf 68' lang='grc' dir='ltr'>κληρονομίᾳ</span> <span class='ocrx_word' id='word_1_235' title='bbox 643 2387 689 2443; x_wconf 78' lang='grc' dir='ltr'>τῆς</span> <span class='ocrx_word' id='word_1_236' title='bbox 706 2388 817 2442; x_wconf 77' lang='grc' dir='ltr'>ἐπαγγε-</span> 
     </span>
     <span class='ocr_line' id='line_1_30' title="bbox 127 2452 817 2515; baseline -0.004 -10"><span class='ocrx_word' id='word_1_237' title='bbox 127 2462 184 2512; x_wconf 74' lang='grc' dir='ltr'>λίας</span> <span class='ocrx_word' id='word_1_238' title='bbox 202 2462 237 2500; x_wconf 85' lang='lat' dir='ltr'>vix</span> <span class='ocrx_word' id='word_1_239' title='bbox 256 2461 312 2500; x_wconf 86' lang='lat' dir='ltr'>licuit</span> <span class='ocrx_word' id='word_1_240' title='bbox 331 2461 433 2512; x_wconf 82' lang='lat' dir='ltr'>Apostolo</span> <span class='ocrx_word' id='word_1_241' title='bbox 453 2463 570 2515; x_wconf 75' lang='lat' dir='ltr'>sianplt&#39;ct&#39;tcr·</span> <span class='ocrx_word' id='word_1_242' title='bbox 590 2452 665 2500; x_wconf 82' lang='lat' dir='ltr'>dicere:</span> <span class='ocrx_word' id='word_1_243' title='bbox 689 2476 733 2500; x_wconf 87' lang='lat' dir='ltr'>cum</span> <span class='ocrx_word' id='word_1_244' title='bbox 757 2463 817 2515; x_wconf 81' lang='lat' dir='ltr'>longe</span> 
     </span>
    </p>
   </div>
   <div class='ocr_carea' id='block_1_8' title="bbox 127 2622 266 2631">
    <p class='ocr_par' dir='ltr' id='par_1_9' title="bbox 127 2622 266 2631">
     <span class='ocr_line' id='line_1_31' title="bbox 127 2622 266 2631; baseline 0.022 -3"><span class='ocrx_word' id='word_1_245' title='bbox 127 2622 266 2631; x_wconf 41' lang='lat' dir='ltr'>u--fi-..q</span> 
     </span>
    </p>
   </div>
   <div class='ocr_carea' id='block_1_9' title="bbox 172 2736 514 2784">
    <p class='ocr_par' dir='ltr' id='par_1_10' title="bbox 172 2736 514 2784">
     <span class='ocr_line' id='line_1_32' title="bbox 172 2736 514 2784; baseline 0.02 -16"><span class='ocrx_word' id='word_1_246' title='bbox 172 2736 201 2779; x_wconf 79' lang='lat'>90)</span> <span class='ocrx_word' id='word_1_247' title='bbox 214 2748 230 2769; x_wconf 89' lang='lat' dir='ltr'>v.</span> <span class='ocrx_word' id='word_1_248' title='bbox 242 2739 296 2771; x_wconf 83' lang='lat' dir='ltr'>etiam</span> <span class='ocrx_word' id='word_1_249' title='bbox 308 2737 379 2774; x_wconf 79' lang='lat' dir='ltr'>Einleit.</span> <span class='ocrx_word' id='word_1_250' title='bbox 392 2741 422 2783; x_wconf 74' lang='lat' dir='ltr'>vt,</span> <span class='ocrx_word' id='word_1_251' title='bbox 434 2742 451 2784; x_wconf 59' lang='lat' dir='ltr'>pi</span> <span class='ocrx_word' id='word_1_252' title='bbox 464 2740 514 2776; x_wconf 64' lang='lat'>2789.</span> 
     </span>
    </p>
   </div>
   <div class='ocr_carea' id='block_1_10' title="bbox 0 0 866 3054">
    <p class='ocr_par' dir='ltr' id='par_1_11' title="bbox 0 0 866 3054">
     <span class='ocr_line' id='line_1_33' title="bbox 0 0 866 3054; baseline 0 0"><span class='ocrx_word' id='word_1_253' title='bbox 0 0 866 3054; x_wconf 95' lang='lat' dir='ltr'> </span> 
     </span>
    </p>
   </div>
  </div>
 </body>
</html>
