1723 3054
47 1083 267 1173 PRAEFATIO
293 1081 464 1150 TERTIAE
489 1082 701 1152 lllllTlONlS„

23 1370 129 1437 Tertium
144 1406 204 1434 nuno
219 1390 242 1432 in
261 1390 332 1432 lucem
352 1380 472 1433 emisimus
485 1390 541 1432 hanc
560 1390 665 1448 epistolae
685 1390 713 1433 ad

24 1473 115 1517 Galatas
138 1472 233 1527 scriptae
254 1470 412 1513 enarrationem
426 1472 455 1526 ¹),
475 1485 529 1526 qua,
546 1475 596 1522 crim
611 1471 713 1514 omnibus

23 1554 111 1611 placere
131 1553 153 1594 in
172 1558 234 1593 tanta
251 1550 405 1609 theologorum
423 1550 535 1592 discordia
553 1550 617 1593 nemo
635 1552 713 1607 possit,

24 1648 99 1677 eorum
116 1636 185 1686 certe,
202 1627 283 1687 quibus
299 1630 378 1674 idonea
388 1626 498 1673 ¹librorum
513 1630 637 1674 divinorum
647 1632 714 1674 inter-

25 1713 120 1771 pretatio
137 1726 201 1754 curae
217 1717 263 1766 est,
277 1726 391 1753 assensum
406 1711 462 1754 ferre
477 1727 580 1768 magnum
592 1712 614 1753 in
625 1711 714 1754 modum

24 1793 133 1851 cupimus.
167 1791 213 1836 Sed
231 1798 256 1834 ut
274 1791 315 1847 illi,
339 1790 423 1848 quide
442 1792 542 1835 instituto
561 1798 637 1835 nostro
656 1799 714 1835 recte

84 2016 103 2066 l)
119 2012 206 2051 Primum
222 2012 297 2062 prodiit
315 2025 333 2049 a.
352 2014 412 2050 1821.
428 2018 522 2064 tanquam
537 2015 585 2054 aaut
599 2015 620 2054 tu
636 2016 714 2067 epistu-

24 2089 54 2130 lus
72 2089 130 2129 Pauli
145 2087 281 2128 conmarcuit
296 2087 401 2140 speruueu.
431 2085 492 2126 Nunc
508 2088 566 2126 omisi
581 2089 631 2128 haec
646 2091 714 2137 verba,

24 2177 65 2202 non
85 2176 125 2215 quo
145 2162 251 2200 abiecerim
271 2162 353 2199 omniuo
372 2162 424 2200 istud
444 2162 534 2210 consilii,
554 2153 589 2201 sed
609 2165 673 2215 qnod,
697 2165 714 2202 si

24 2240 49 2276 ad
69 2239 134 2288 ipsum
154 2236 316 2275 commentarium
336 2237 501 2286 perscribendum
524 2238 605 2288 aggredi
628 2238 714 2286 licuerit,

24 2312 84 2351 aliam
99 2295 205 2350 enarrandi
225 2312 322 2348 rationem
343 2311 395 2349 inire
414 2312 499 2349 decrevi.
530 2311 614 2350 Etenim
626 2314 715 2365 priimum

24 2388 89 2435 omni,
111 2386 144 2438 qui
160 2386 199 2423 dici
215 2385 275 2432 solet,
295 2391 392 2435 apparatu
412 2386 481 2423 critico
498 2386 564 2424 denuo
579 2388 714 2438 pervestigato

24 2475 97 2513 graeca
116 2458 222 2512 diligenter
241 2460 339 2511 rcfingcre
359 2467 378 2498 et
398 2461 521 2499 emendatius
541 2463 657 2501 exscribere
676 2464 715 2514 sig-

25 2537 95 2588 nisque
111 2535 234 2587 distinguere
249 2536 269 2572 111
285 2535 351 2572 animo
371 2542 407 2574 est.
437 2521 513 2577 Deinde
527 2535 647 2587 glossarium
665 2536 715 2576 Pau·

23 2610 87 2649 linum
105 2611 203 2650 conficere
219 2610 289 2658 statui,
308 2610 329 2647 111
349 2623 389 2660 quo
406 2612 549 2649 vocabulorum
566 2613 680 2663 proprietas
696 2619 715 2650 et

23 2697 95 2734 graeco
115 2694 134 2724 et
155 2685 240 2723 Paulino
260 2685 304 2723 usui
324 2677 467 2723 convenienter
486 2686 629 2737 explicabitur,
653 2688 713 2738 signi-
