1723 3054
323 253 468 294 EXGURSUS
484 254 520 292 ΙΙΙ.
700 271 704 274 <
724 219 765 292 ffl

79 356 176 415 συνῇήκη
200 360 297 411 (pactio)
321 360 437 406 conficitur,
461 359 511 396 duae
535 358 648 396 necessario
671 356 723 394 inter
745 368 767 394 se

79 435 207 484 paciscuntur
227 429 304 485 partes}
322 435 350 472 ita
367 434 439 472 foedus
458 433 520 481 istud,
540 433 594 484 quod
613 433 634 470 in
653 431 698 482 tege
717 443 768 469 mos,

80 510 201 557 continetur,
225 512 250 548 ah
274 522 313 548 una
334 514 390 560 parte
413 506 504 547 fecerunt
522 507 634 554 Israelitae,
658 508 683 544 ab
705 505 768 544 altera

80 583 146 631 Deus3
167 590 248 632 contra,
268 584 285 622 si
305 585 329 622 de
349 583 454 633 promissis
477 590 496 620 et
519 583 603 621 decretis
627 577 767 636 (διαῗῖήκαις)

80 659 154 711 agitur,
175 658 230 698 Deus
249 653 279 709 εἷς
298 659 353 708 ἐστι,
375 671 426 697 unus
447 658 514 695 omnia
532 657 629 708 proponit
647 661 707 707 atque
724 661 768 694 rata

68 735 161 773 ¹habet.“
191 733 248 773 Haec
264 739 328 772 autent
347 733 388 772 loci
408 731 519 771 difficillimi
540 732 659 782 explicatio,
678 733 702 769 ad
719 730 768 788 Kei-

68 808 154 847 ‘dianam
175 810 268 860 proxime
288 809 397 856 accedens,
416 822 456 847 non
473 822 513 847 uno
529 808 589 846 modo
606 808 698 847 laborare
714 808 768 845 uide-

80 888 117 921 tnr.
147 882 199 921 Nam
222 887 241 936 1)
257 883 376 922 discriminis
395 884 449 923 illius
468 884 520 921 inter
536 879 642 940 corrodant
658 888 678 921 et
693 878 768 937 διαῇτῇ-

81 973 120 1014 κη)
140 958 159 995 in
180 958 201 996 P.
222 957 357 1009 disputatione
380 958 455 997 nullum
479 958 633 1009 deprehenditur
656 958 767 1009 vestigium,

83 1038 102 1071 et
117 1033 134 1072 si
150 1022 342 1084 deprehenderetur,
358 1034 426 1073 verbis
442 1028 452 1076 ὃ
469 1033 491 1076 δὲ
507 1028 605 1089 trabeate
621 1034 676 1076 torto
692 1033 722 1083 (ut
736 1032 769 1070 hic

82 1107 182 1146 collocata
197 1109 255 1159 sunt)
275 1122 316 1146 non
335 1114 423 1159 poterat,
442 1108 480 1147 nisi
496 1108 531 1159 qui
547 1109 601 1146 ornni
616 1098 716 1148 scribendi
732 1121 768 1147 usu

83 1187 170 1230 careret,
186 1184 211 1221 ad
224 1196 298 1221 novam
314 1196 397 1234 prorsus
413 1184 530 1222 sententiam
546 1184 665 1230 transsilire3
680 1184 769 1221 scribere

84 1263 138 1295 certe
154 1258 247 1297 debebat:
263 1258 283 1300 ἐν
295 1258 378 1316 Χριστῷ
394 1257 417 1300 δὲ
432 1258 464 1296 vet
481 1259 501 1300 du
518 1259 593 1312 ἐπαγ).
610 1257 632 1300 δὲ
649 1252 658 1300 ὃ
674 1254 728 1308 {rede
739 1253 770 1307 εἷς

83 1332 149 1383 ἐστιν,1
165 1355 190 1360 -ψ
209 1334 229 1384 2)
245 1333 265 1370 in
281 1346 299 1371 v.
315 1332 457 1387 pecteou'non
473 1333 524 1372 inest
539 1321 655 1372 necessario
668 1333 769 1385 pectionis

83 1402 215 1463 (συνῇήκης)
236 1407 302 1455 notio3
320 1408 459 1446 intercessoris
475 1408 527 1446 enim
542 1408 570 1446 ibi
585 1407 644 1446 etiam
659 1407 718 1446 lucus
734 1412 769 1455 est,

83 1482 125 1530 ubi,
142 1481 175 1532 qui
191 1470 285 1533 dignitate
305 1483 387 1530 eminet,
406 1495 446 1520 non
466 1482 508 1520 vult
526 1482 570 1533 ipse
590 1495 635 1521 cum
653 1482 685 1521 his
704 1495 769 1533 agere,

83 1541 133 1606 quos
149 1569 170 1594 se
185 1556 247 1608 longe
262 1556 368 1595 inferiores
387 1570 430 1596 esse
448 1556 550 1608 intelligit3
565 1580 593 1586 -
610 1559 630 1608 3)
647 1557 702 1611 oripo
718 1556 769 1608 legis

84 1643 133 1674 mos,
145 1630 185 1668 ‘vix
200 1637 280 1681 poterat
298 1632 325 1669 ita
343 1644 355 1669 a
373 1628 444 1687 χάριτι
463 1632 500 1673 τοῦ
519 1631 572 1675 treet
590 1631 677 1682 seiungi,
698 1638 718 1669 ut
736 1631 770 1669 alii

83 1706 122 1753 rei,
139 1718 189 1756 quae
205 1719 216 1743 a
231 1706 295 1758 gratia
306 1706 378 1745 'divina
393 1707 484 1757 profecta
499 1707 569 1754 fuerit,
586 1707 681 1757 opposita
696 1707 771 1758 cogita-

82 1785 142 1818 retur.
173 1778 231 1818 Certe
254 1794 286 1830 ap.
310 1780 393 1819 Paulum
418 1781 498 1819 diversa
518 1788 536 1818 et
555 1781 641 1819 iustitiae
660 1787 680 1819 et
697 1782 771 1834 gratiae

84 1855 122 1892 div.
140 1855 252 1904 oppositi03
270 1877 294 1883 -
316 1857 336 1901 4)
346 1855 390 1893 *tex
408 1855 513 1906 premissis
529 1857 684 1907 haudquaquam
700 1855 772 1895 adver-

83 1929 122 1968 sari
142 1941 182 1966 non
201 1934 310 1980 propterea
330 1929 410 1976 dicitur,
434 1930 487 1981 quod
507 1930 545 1968 ista
564 1931 658 1980 pactione.
678 1932 771 1982 quadam,

83 2005 132 2042 haec
146 2004 211 2054 gratiet
226 2005 264 2042 div.
285 2004 380 2051 nitantur,
399 2004 445 2050 sed,
465 2006 632 2054 quemadmodum
652 2019 669 2042 r,
686 2009 724 2047 ‘tt
738 2008 772 2045 de-

84 2077 155 2137 clarat,
171 2079 226 2129 quod
244 2079 296 2130 legis
314 2080 364 2118 haec
383 2084 454 2117 natura
473 2088 526 2127 erat,
547 2085 568 2118 ut
587 2093 628 2118 non
647 2087 715 2134 posset
734 2078 772 2140 τὴν

84 2137 137 2210 {dier
153 2154 226 2192 afferre
236 2153 271 2203 ⁹⁷).

134 2228 252 2283 ‘addendus
269 2230 354 2281 denique
370 2236 409 2278 est,
426 2230 459 2282 qui
475 2244 538 2282 nuper
553 2232 672 2281 admodum,
688 2247 729 2272 non
744 2235 774 2273 in-

84 2303 150 2342 dicato
170 2304 252 2342 nornine
271 2316 318 2352 suo,
338 2302 443 2344 Neostadii
462 2307 596 2356 germanicam
616 2307 697 2347 nostrae
715 2309 774 2360 epist.

83 2378 268 2429 interpretationem
292 2379 356 2418 emisit
368 2380 402 2430 98).
437 2380 458 2418 Is
481 2382 543 2420 veroa
563 2383 646 2436 διατα).
667 2380 692 2425 δι’
711 2381 774 2439 ἀγγέ-

83 2454 123 2494 λων
140 2452 160 2494 ἐν
176 2469 193 2508 χ.
211 2466 256 2507 pec.
273 2478 280 2482 -
297 2478 304 2483 -
321 2479 328 2483 -
345 2447 376 2504 εἷς
392 2455 447 2499 ἐστίν
465 2455 493 2494 ita
513 2457 622 2511 expressit:
641 2458 708 2502 esist
728 2460 775 2514 (das

129 2625 158 2668 et)
170 2637 187 2659 v.
199 2627 252 2666 ettam
264 2625 359 2659 Ldoktus
371 2628 383 2661 l.
396 2638 411 2661 c.
423 2641 440 2672 p.
454 2630 476 2663 89
489 2641 526 2674 sqq.

129 2707 158 2748 98)
170 2706 221 2740 Paul.
234 2706 356 2740 Sendschreib.
369 2718 392 2741 an
405 2709 421 2743 d.
435 2710 474 2744 Gal.
487 2722 504 2745 u.
516 2712 558 2746 doh.
572 2715 587 2747 1.
599 2713 650 2748 Brief
659 2715 716 2750 iibers.
728 2718 775 2752 Nen-

82 2764 130 2797 stadt
142 2774 158 2797 a.
172 2764 187 2797 d,
203 2764 223 2798 Ο.
238 2764 287 2797 1827.
302 2766 317 2798 8.
330 2776 347 2808 pt
357 2766 384 2800 82.
