1723 3054
84 206 113 251 26
288 206 507 248 PROLEGOMENA.
523 210 540 261 ᾗ.
557 213 575 248 4,

85 348 161 390 lei-us
173 335 201 387 61)
224 331 371 375 luculentiora
389 334 491 391 propriae
510 332 640 376 eruditionis
659 326 780 391 specimina

87 412 160 468 dedic,
185 427 252 468 quain
272 411 472 470 Gramerusffl),
497 413 660 470 Koppius⁶³)
680 419 702 457 et
722 413 779 456 Mo·
823 427 827 429 ’

86 507 129 535 rus
140 493 183 548 ⁶⁴),
199 493 282 552 quippe
298 495 336 552 qui
351 510 393 539 nec
407 495 483 539 subtili
496 493 585 551 linguae
601 509 692 552 graecae
708 494 779 538 scien·
824 479 826 482 .

85 573 117 616 tia
137 573 242 618 florerent
263 590 318 632 nec,
344 592 401 634 quae
419 576 442 618 in
458 575 550 634 singulis
566 575 679 619 vocabulis
695 578 780 634 lepitime

88 654 226 712 explicandis
242 658 367 701 necessaria
382 657 411 701 sit
429 656 554 714 diligentia,
577 656 622 712 vel,
646 662 671 699 ut
689 657 778 713 gravius

87 735 171 794 dicam,
197 737 275 795 religio
298 738 351 781 satis
372 739 528 797 perspicerent.
573 737 629 781 Post
651 753 699 793 eos,
726 732 745 780 si
766 754 779 780 a

86 816 258 875 Krausiovffi),
282 816 449 877 Schillingio
460 820 501 876 ⁶⁶),
527 825 548 863 et
562 818 725 877 niayeroffl),
741 818 779 876 qui

133 1097 167 1146 61)
183 1095 202 1133 d.
219 1094 238 1136 S.
255 1094 362 1134 Semleri
382 1096 513 1148 paraphrasis
535 1095 633 1147 epistolae
647 1095 673 1133 ad
689 1075 778 1133 Galatas.

91 1168 137 1206 Hal.
157 1171 208 1208 1776
233 1173 250 1209 8.
269 1170 293 1208 cf.
309 1176 350 1211 not.
367 1173 399 1210 49,

136 1285 169 1334 62)
185 1284 206 1324 J.
222 1285 248 1322 A.
264 1283 367 1323 Cramer
385 1285 442 1325 Vers.
462 1285 517 1324 einer
535 1286 622 1328 verbess.
641 1283 724 1323 Uebers.
744 1284 779 1321 des

88 1357 123 1398 Br.
139 1371 165 1396 au
181 1359 214 1397 die
229 1357 275 1399 Gal.
290 1359 311 1397 in
327 1372 342 1399 s.
358 1358 446 1412 Beitriig.
463 1374 480 1398 z.
491 1358 573 1400 Beft'ird.
590 1359 649 1399 theol.
660 1358 750 1397 Kenntn
761 1357 778 1395 I.

86 1447 106 1484 p.
124 1436 162 1471 112
179 1446 223 1485 sqq.

132 1550 167 1600 63)
183 1548 235 1588 Nov.
259 1550 308 1588 Test
336 1564 364 1601 gr.
388 1556 466 1601 perpet.
491 1555 560 1589 annot.
580 1549 671 1588 illustrat.
687 1547 777 1599 Gotting.

92 1626 152 1661 1778.
170 1626 188 1662 8.
203 1625 234 1664 ed,
246 1627 264 1661 9.
280 1630 326 1663 auct
347 1631 366 1663 et
381 1625 459 1665 emend.
472 1638 513 1663 cur.
529 1624 572 1664 Th.
588 1623 644 1666 Chr.
660 1624 783 1675 Tychsen⁸>
801 1673 803 1675 Ι

88 1698 136 1737 ibid.
156 1700 216 1736 1791.
233 1701 251 1738 8.

132 1816 167 1865 64)
184 1811 203 1853 S.
220 1813 241 1854 F.
258 1813 284 1852 N.
300 1815 366 1853 Mori
382 1828 478 1854 acroases
494 1816 515 1853 in
530 1828 575 1866 epp.
590 1814 647 1852 Paul.
663 1815 689 1852 ad
704 1812 749 1851 Gal.
761 1819 780 1851 et

89 1888 163 1939 Ephes.
187 1889 237 1938 (cur,
257 1888 401 1941 Eichstiidt)
424 1889 479 1940 Lips.
499 1891 559 1928 1795.
583 1890 601 1927 8.
624 1889 669 1927 add.
695 1889 780 1926 Morus

88 1962 144 2001 Erkl.
161 1963 196 2002 des
212 1962 277 2002 Briefs
293 1977 318 2001 au
336 1965 367 2002 die
384 1962 473 2003 Galater.
504 1962 583 2003 Gdrlitz
602 1966 662 2002 1798,
679 1967 697 2001 6.

134 2080 169 2130 65)
184 2077 228 2116 Der
243 2077 302 2116 Brief
315 2057 388 2117 an'uie
405 2077 488 2117 Galater
504 2076 564 2118 iibers
587 2091 605 2117 u,
621 2091 648 2118 m.
664 2078 723 2115 Anur.
739 2090 780 2116 von

89 2152 111 2192 F.
127 2153 152 2191 A.
169 2153 198 2190 W.
216 2153 315 2192 Krause
355 2153 408 2193 Frcf.
424 2166 441 2191 a.
457 2153 484 2191 M.
502 2156 563 2194 1788.
581 2155 598 2192 8.

133 2271 168 2321 66)
185 2269 212 2318 (J.
228 2269 254 2308 H.
270 2267 406 2321 Schilling)
422 2268 479 2308 Vrrs.
495 2270 550 2308 einer
565 2267 643 2308 Uebers
664 2269 699 2307 des
714 2267 780 2321 Briefs

38 2390 41 2394 Ὺ
89 2357 113 2382 an
127 2344 158 2383 die
170 2342 252 2383 Galater
268 2345 302 2383 mit
317 2344 451 2385 erklirenden
462 2345 620 2396 Anmerkungen
635 2344 687 2382 nach
698 2343 779 2394 chpe.

89 2418 138 2469 Lpz.
158 2421 217 2457 1792.
234 2423 253 2458 6.

136 2536 169 2584 67)
185 2533 227 2572 Der
243 2533 301 2573 Brief
313 2534 371 2574 Pauli
388 2548 414 2574 au
432 2536 464 2575 die
480 2534 563 2575 Galater
582 2535 621 2572 und
638 2535 674 2572 der
690 2536 708 2574 2.
726 2532 783 2572 Brief

90 2622 116 2648 au
140 2609 173 2649 die
188 2609 307 2649 Thessalon.
330 2608 431 2651 iibersetzt
445 2611 481 2652 mit
495 2598 654 2662 Aninerkungen
670 2622 688 2651 v.
704 2607 779 2661 Greg.
821 2660 823 2662 ‚

90 2685 183 2737 Mayer.
216 2685 274 2724 Wieu
293 2688 352 2725 1766.
369 2689 387 2727 8,
