1723 3054
129 233 141 274 2
334 230 546 271 raonnoouuun
561 234 578 285 a.
593 238 609 271 1.

129 372 142 399 a
158 355 228 399 Gallis
249 371 265 398 s.
282 354 352 398 Celtis
362 356 380 411 ³)
398 356 505 413 originem
521 357 621 412 duxisse,
642 357 744 400 convenit
758 357 815 400 inter

129 442 229 479 auctores
250 434 314 492 (Liv.
330 436 369 491 33,
392 436 423 480 16.
455 435 527 479 strab.
546 436 586 479 IV.
605 453 626 494 p.
645 439 691 482 187.
711 437 815 492 casaub,

128 516 191 558 Tom.
206 514 224 557 l.
240 531 262 572 p.
279 516 328 561 301.
345 515 378 558 ed.
393 515 456 573 Lips.
473 516 523 558 add.
534 515 612 559 lustin.
628 519 668 573 25,
684 519 704 561 2.
720 518 814 577 Pausan.

130 597 166 650 lO,
187 597 221 640 23.
241 596 279 652 3.).
318 595 409 638 Soilieer
425 596 490 638 tertio
510 602 560 639 ante
580 595 693 639 Christum
712 597 786 640 seculo
796 598 815 653 ⁴)

128 682 176 718 tres
188 676 328 733 potissimum
340 674 454 718 Gallorum
469 676 546 732 populi
562 676 719 731 (Tlistoboios,
735 678 816 720 Teuto-

129 771 195 813 sages
219 755 291 812 [Caes.
311 756 333 797 b.
350 755 407 798 Gall.
424 757 449 806 6,
472 756 516 812 22]
537 761 559 798 et
576 756 684 799 Trocmos
704 756 816 813 appellant
842 806 844 808 v

130 834 209 879 Strabo
228 834 280 877 ΧΠ.
299 851 320 892 p.
340 835 388 878 536.
409 834 463 891 [ΙΠ.
483 852 504 892 p.
520 836 554 879 55.
573 835 649 893 Lips]
666 836 723 878 Pliu.
742 836 772 878 Η.
788 835 816 878 Ν.

133 917 158 971 5,
174 917 208 959 32.
226 915 286 971 [42])
302 931 314 957 e
329 915 435 970 Thracia,
458 915 498 958 ubi
514 915 670 972 consederant,
689 916 816 959 Leonnorio

130 1010 156 1038 ao
166 995 259 1038 Lutario
276 994 370 1038 ducibus
385 995 408 1037 in
416 995 648 1050 Asiamutraieeerunt'
656 996 740 1053 ibique,
755 1002 817 1054 post-

133 1091 197 1132 quam
214 1074 253 1117 diu
268 1075 426 1131 oiroumvagati
441 1081 512 1131 erant,
533 1087 641 1133 oooupata
650 1077 669 1132 ⁵)
685 1076 745 1119 omni
760 1077 817 1120 inter

133 1154 265 1212 Sangarium
288 1154 484 1212 Thymbridenque
508 1161 529 1198 et
550 1155 626 1212 Halyn
653 1155 732 1199 fluvios
742 1157 760 1212 6)
783 1173 816 1200 re-

128 1376 204 1427 leitung
219 1375 250 1423 H,
268 1377 307 1412 314
323 1387 367 1425 sqq.
387 1349 419 1411 vP.
441 1373 580 1424 Wesseling
599 1386 630 1423 ap.
649 1373 746 1426 Borger
768 1389 788 1426 p.
805 1378 815 1412 7

133 1463 177 1501 sqq.
215 1450 274 1487 Adde
291 1449 386 1498 interprr.
407 1448 432 1485 ad
455 1451 472 1484 l.
491 1446 535 1485 Pet.
561 1451 582 1495 1,
608 1451 625 1485 1.
645 1448 696 1498 inpr.
712 1448 817 1487 Pottium

131 1538 152 1574 p.
168 1527 202 1561 28.

176 1627 197 1678 3)
212 1624 293 1665 Nobilis
313 1630 344 1664 est
358 1625 415 1662 loeus
434 1623 519 1662 Hieron.
535 1623 630 1675 Prolegg.
645 1625 666 1661 in
683 1638 713 1677 ep.
730 1626 756 1663 ad
771 1624 817 1664 Gal.

131 1714 206 1749 „unum
223 1706 262 1747 est,
279 1700 332 1750 quod
348 1699 451 1737 inferimus
460 1721 488 1726 —
497 1721 523 1727 -
532 1696 615 1736 Galatas
626 1704 712 1749 excepto
723 1713 816 1738 sermone

130 1788 224 1826 graeco,
240 1787 279 1825 quo
305 1774 370 1811 omnis
394 1773 461 1811 oriens
483 1773 582 1823 loquitur,
605 1773 708 1823 propriam
729 1774 818 1825 linguam

135 1850 218 1890 eurrdem
237 1849 311 1887 habere
331 1861 392 1902 quom
409 1849 523 1887 Trevirosf‘
552 1846 590 1885 His
606 1847 665 1885 fidem
681 1861 745 1898 nuper
761 1849 818 1887 dero-

129 1936 177 1974 gare
199 1923 274 1961 studuit
296 1922 327 1960 W.
348 1921 520 1972 Sohlegelius,
545 1921 575 1959 vir
597 1909 748 1961 eruditissimus
765 1923 817 1973 (ind.

131 1996 227 2035 Biblioth.
242 1996 269 2034 Π.
285 2009 305 2046 p.
324 1998 362 2033 182
380 1997 432 2046 sqq.)
438 2010 444 2042 ;
460 1996 540 2043 dubito,
557 2008 582 2032 an
598 2000 658 2033 reote.

173 2100 194 2151 4)
210 2099 296 2138 Factum
316 2100 355 2136 hoo
375 2111 418 2137 esse
439 2111 456 2135 a.
479 2089 497 2136 3.
514 2095 595 2148 Olymp.
617 2100 674 2146 125„
697 2105 768 2137 auctor
790 2105 819 2138 est

130 2173 242 2213 Pausanias
261 2176 296 2221 10,
313 2176 346 2211 23.

175 2278 196 2328 ὁ)
211 2276 283 2315 Primis
299 2276 357 2315 anuis
369 2276 444 2323 Attali,
460 2274 602 2326 Pergamorum
613 2276 667 2327 regis
679 2276 698 2313 h.
709 2290 726 2315 e.
738 2274 818 2328 Olymp.

133 2350 178 2389 135.
209 2351 396 2389 v.Wernsdorf
409 2364 429 2401 p.
449 2352 495 2388 129.
541 2399 543 2401 q

175 2455 195 2504 6)
212 2452 243 2491 De
263 2453 336 2491 finibus
352 2452 442 2491 Galatiae
462 2453 532 2504 (quam
547 2453 624 2491 seriore
640 2436 735 2504 tempore>
746 2455 818 2496 Γαλα-

129 2527 177 2570 τίαν
193 2523 231 2583 τὴν
250 2523 328 2582 μικρὰν
349 2533 447 2566 vocarunt
465 2526 521 2567 socr.
543 2526 595 2565 Hist.
616 2527 664 2565 ecel.
682 2530 703 2574 t,
723 2529 763 2578 18.)
779 2542 819 2567 ma-

129 2614 190 2653 gnum
214 2606 243 2640 est
266 2607 370 2639 auctorum
393 2601 497 2640 dissidium
521 2602 546 2640 of.
570 2601 750 2640 Wernsdorf
770 2603 782 2642 l.
802 2616 819 2641 o.

129 2690 149 2727 Ρ.
168 2676 205 2713 135
223 2688 266 2726 sqq.
