1723 3054
299 209 518 266 Pnonnoonnul.
533 213 551 265 a.
567 215 586 250 4.
762 209 790 254 25

100 345 122 380 et
135 335 208 393 Hug.
225 335 349 380 Grotium
359 340 387 392 58)
406 343 471 379 nemo
487 337 581 393 exstitit,
597 336 635 393 qui
650 330 739 378 illorum
754 351 791 379 ex-

99 416 194 474 emplum
210 424 344 473 sequeretur.
375 416 471 461 Grotio
487 421 560 460 autem
574 432 667 474 magnae
681 416 705 459 in
720 415 790 458 literis

98 497 165 556 sacris
182 496 317 554 explicandis
338 498 477 555 diligentiae,
503 496 608 550 mirificae
628 498 691 553 artis,
717 496 791 541 variae

99 570 197 634 denique
212 577 343 622 eruditionis
354 578 433 622 laudes
445 577 531 633 deberi,
547 592 606 620 nuno
618 577 707 634 quidem
717 578 792 621 sciunt
821 577 823 579 ’

99 672 125 700 ac
132 658 263 716 profitentur
275 675 362 716 omnes,
373 660 412 716 qui
423 658 507 716 aliquid
517 658 611 716 sapiunt.
626 656 706 714 Neque
716 663 790 701 tamen

99 753 185 782 omnem
201 740 237 783 ille
253 740 336 797 gloriae
351 739 475 796 materiem,
498 740 522 782 in
537 738 602 782 Pauli
618 744 676 782 certe
692 738 791 796 epistolis

99 819 248 876 explicandis,
265 821 343 865 ceteris
358 820 488 879 praeripuit:
513 835 575 876 nam⁷
599 835 649 863 cum
664 825 740 863 nostra
754 833 791 862 ec-

86 894 167 943 xcle'sia
184 916 224 958 per
242 889 379 957 aliquantum
396 901 501 958 temporis
519 916 565 943 non
579 900 672 944 vidisset
687 900 791 943 solertem

98 980 250 1038 interpretem7
277 996 321 1024 sec.
339 981 371 1026 18.
386 981 432 1030 lere
451 980 509 1025 med.
525 990 614 1025 exortus
630 986 665 1024 est
679 980 707 1023 A.
722 979 791 1023 Ben-

87 1060 184 1118 vgelius
197 1063 224 1116 ⁵⁹)
250 1077 397 1119 magnamque
421 1062 565 1120 sagacitatem
588 1061 612 1104 in
635 1059 742 1104 rimandis
765 1074 791 1103 ac

80 1156 173 1199 *presse
193 1142 329 1200 explicandis
347 1142 391 1201 Ap.
411 1143 525 1187 sententiis
543 1142 705 1199 verborumque
724 1140 790 1185 etiam
853 1189 861 1194 ,

98 1222 238 1265 minimorum
268 1223 430 1280 significatibus
461 1223 595 1278 consumsit³
626 1238 670 1279 qua
689 1221 789 1277 factum,

98 1308 123 1345 ut
151 1302 481 1360 Baumgarteniusrss),
517 1303 550 1345 illi
579 1288 791 1360 aequalis,squan-

99 1397 165 1439 qnam
188 1383 268 1426 mentis
291 1384 392 1427 acumine
416 1391 437 1427 et
457 1384 506 1442 ipse
521 1382 581 1427 haud
596 1382 726 1438 destitutus,
746 1398 792 1427 sua

96 1463 255 1521 propemodum
284 1463 376 1521 gloriola
404 1464 547 1508 fraudaretur.
601 1463 637 1507 Ex
664 1463 714 1514 his,
751 1463 790 1520 qui

99 1544 211 1601 superiore
233 1549 303 1587 aetate
325 1544 420 1590 insecuti
439 1554 501 1601 sunt,
527 1543 698 1602 explicatoribus
714 1542 788 1589 Sem-

145 1856 332 1909 58)1nterp0sitae
350 1861 408 1898 etiam
428 1865 475 1899 sunt
492 1859 535 1900 eius
554 1862 695 1902 annotationes
711 1860 790 1903 Oriticis

100 1931 217 1983 Anglicanis
230 1931 272 1985 ¹ed.
298 1931 352 1972 Frcf.
377 1933 437 1975 Tom.
453 1934 477 1972 V.
502 1948 522 1986 p.
542 1938 583 1974 465
600 1949 643 1988 sqq.
674 1934 739 1976 Goter.
765 1931 791 1977 cf.

98 2005 124 2046 Η,
150 2004 251 2045 Grotii
275 2008 358 2047 Annott.
383 2008 404 2047 in
429 2007 455 2049 N.
473 2009 497 2048 T.
528 2009 594 2050 Paris.
621 2014 682 2050 1616.
706 2012 720 2050 s.
745 2025 792 2064 pag.

101 2083 233 2120 515448.

144 2199 178 2249 59)
196 2195 293 2237 Gnomcn
308 2197 333 2237 N.
350 2199 375 2239 T.
391 2200 420 2239 ed.
438 2203 456 2238 3.
473 2213 513 2239 cur.
528 2201 547 2239 Ε
568 2200 671 2253 Bangel.
702 2192 790 2254 Tubingi

101 2273 148 2308 773.
165 2275 184 2309 4.
225 2271 293 2311 Nolim
313 2269 405 2325 equidem
424 2288 510 2325 negare,
534 2277 600 2315 virum
620 2277 700 2316 doctum
715 2279 791 2329 passim

100 2345 181 2384 nimium
206 2358 250 2385 esse
272 2348 293 2385 in
315 2349 429 2398 premendis
452 2350 567 2399 vocabulis,
592 2352 634 2391 imo
657 2365 714 2394 voco.
739 2355 790 2393 adeo

99 2420 169 2466 formis
185 2425 205 2460 et
220 2421 351 2462 declinatibus
367 2424 393 2474 (v.
411 2423 437 2461 ad
455 2426 477 2472 1,
496 2426 528 2476 1.).

143 2533 179 2590 to)
197 2537 315 2589 Auslegnng
333 2538 368 2575 der
383 2537 451 2576 Briefe
466 2537 527 2578 Pauli
542 2554 568 2579 an
584 2541 617 2580 die
634 2539 700 2580 Galat.
715 2541 790 2593 Ephes.

98 2608 149 2649 Phil.
166 2609 210 2651 Col.
226 2610 311 2651 Philem.
326 2612 367 2650 und
383 2612 468 2654 Thessal
491 2615 535 2666 (mit
550 2616 631 2669 einigen
648 2616 755 2670 Beitriigen
770 2631 789 2657 v.

98 2682 211 2738 Somler).
242 2687 302 2726 Helle
320 2690 379 2726 1767.
396 2692 414 2727 4,
