1723 3054
87 229 128 274 iOfi
261 232 427 271 ΑΝΝΟΤΑῚῚΟ
444 233 596 273 PERPETUA.

87 336 146 373 duota
161 342 216 382 sunt,
236 336 269 375 nbi
286 337 310 374 de
328 337 443 375 hominibus
463 338 488 375 ad
508 338 618 376 doctrinam
637 337 677 375 div.
697 337 774 375 institu-

87 411 143 449 endis
158 411 257 461 loquitur,
276 414 284 448 1
299 409 345 449 Cor.
362 415 381 458 4,
395 414 426 449 15.
442 410 524 450 Philem.
543 414 574 449 10.
591 413 636 452 add.
652 411 696 449 dae.
711 415 728 457 l,
742 414 773 449 18.

87 489 106 522 et
115 482 256 535 Sohdttgen.
268 486 292 522 ad
304 486 322 522 h.
334 485 346 523 i.
354 508 383 513 -
392 501 453 542 pepp.
465 490 503 524 est:
518 486 614 534 formam,
629 487 714 538 figuram
725 498 774 523 nan-

88 560 147 606 eisoi,
162 558 275 606 efformari3
291 559 363 598 dicitur
379 561 403 598 de
418 560 454 608 iis,
471 573 521 611 quae
537 566 596 599 antea
606 566 664 599 erant
673 560 773 598 informia.

87 634 130 672 Iam
149 636 186 689 Χρ.
205 634 287 684 ponitur
302 635 322 672 in
338 635 376 673 hae
391 635 426 672 tali
441 636 540 673 sententia
559 649 606 685 pro:
629 635 722 681 seientia,
742 647 774 674 sa·
796 651 798 653 ·

86 709 161 759 pientia
177 709 293 748 christiana:
314 710 362 747 haee
381 715 444 747 autem
465 709 498 761 ios
509 711 557 751 mnis
576 709 615 748 dici
634 710 707 759 potuit,
727 710 774 747 dum
842 738 845 749 .

86 789 138 822 esset
157 783 224 830 rudis,
244 783 370 833 imperfecta,
390 774 472 830 manea,
490 784 509 821 vi
529 790 548 821 et
566 784 655 822 efficacia
675 783 773 822 destituta.

87 858 157 908 ltaque
173 869 244 896 sensns
259 864 297 896 est:
313 863 334 896 111
348 859 427 896 tandem
444 858 552 909 aliquando
568 860 677 899 adorram
692 863 711 895 et
726 870 773 895 eon-

88 937 204 970 summatam
228 932 344 983 sapientiam
367 933 427 970 animi
451 934 512 971 vestri
532 932 657 983 effingentur.
688 931 774 978 Bonae,

87 1005 205 1054 Calvino,
226 1006 328 1054 Grotio,
348 1006 470 1046 Piscatori
490 1007 522 1044 aii.
539 1007 657 1057 metaphora
673 1008 731 1045 ducta
746 1006 774 1044 vi-

88 1082 145 1119 detur
155 1094 167 1118 a
176 1081 217 1119 fetu
229 1081 261 1131 (ef.
274 1078 346 1129 datio)
358 1081 459 1119 Plutarch.
472 1082 495 1119 de
506 1081 564 1119 anim.
575 1094 641 1131 gener.
653 1095 672 1131 p.
684 1083 743 1118 1013.
752 1078 774 1131 Ο.

87 1154 187 1206 [Ceterum
208 1156 264 1193 nihili
284 1160 326 1203 est,
347 1157 401 1205 qnod
422 1155 644 1206 Wassenberghius
666 1154 731 1204 (Diss.
750 1155 774 1192 de

87 1231 244 1281 transpositione
266 1243 302 1273 ceo
323 1230 454 1269 saluberrimo
475 1231 496 1268 in
515 1230 611 1268 sanandis
630 1236 676 1267 vett.
695 1230 775 1279 seriptis

88 1305 183 1343 remedio.
207 1304 303 1354 Franeoq.
323 1306 383 1341 1168.
403 1308 421 1343 4.
440 1318 460 1354 p.
478 1305 502 1348 31
519 1305 558 1355 sq.)
577 1317 657 1342 versun]
672 1305 726 1342 huno
743 1307 775 1341 19.

88 1379 146 1416 adv.
166 1382 196 1417 15,
217 1378 346 1417 reiiciendunr
370 1379 470 1417 existimat
492 1391 511 1416 v.
535 1377 635 1417 Grimm.
659 1378 690 1427 (in
712 1378 775 1416 libro:

88 1451 188 1491 stromata
208 1467 224 1490 1.
241 1451 331 1490 Grinrm
349 1467 366 1490 u.
382 1453 461 1490 Muzel
478 1452 494 1500 I,
510 1466 529 1503 p.
546 1456 572 1490 40
584 1454 623 1504 sq.)
639 1460 659 1490 et
673 1453 775 1503 Borger.

89 1528 114 1565 ad
130 1528 148 1564 h.
165 1528 187 1578 1,]

145 1602 170 1639 V·
183 1604 216 1639 20·
232 1598 309 1657 ἤῗελον
325 1603 348 1642 δὲ
364 1601 706 1655 11111111111111111111111111111,
722 1601 776 1651 quod

89 1690 143 1715 nunc.
154 1677 233 1727 quidem
244 1677 287 1713 fieri
302 1688 344 1713 non
359 1680 438 1725 potest3
454 1671 479 1718 ἅν
495 1676 515 1713 in
531 1675 604 1714 talibus
620 1675 722 1714 sententiis
738 1688 777 1726 qua

89 1751 134 1802 lege
146 1751 208 1788 omitti
219 1751 290 1801 possit,
300 1756 385 1797 constat,
394 1752 439 1788 Aet.
449 1752 482 1797 95,
493 1752 525 1787 29.
538 1745 653 1806 ἐβουλόμην
664 1746 702 1791 καὶ
713 1745 780 1800 αὐτὸς

90 1825 126 1867 τοῦ
143 1821 255 1880 5259de
273 1821 374 1875 ἀκοῦσαι,
390 1823 448 1862 Rom.
462 1827 481 1871 9,
493 1825 511 1861 3.
527 1823 609 1862 Lucian.
620 1822 696 1874 Catapl.
712 1826 740 1861 12.
757 1837 776 1863 v.

90 1899 178 1938 Gramm.
196 1898 220 1937 N.
232 1899 255 1937 Τ.
271 1913 289 1949 p.
303 1901 350 1937 253.
372 1899 467 1949 [Additur
483 1893 508 1940 dv
525 1912 557 1949 ap.
568 1897 629 1936 Dion.
642 1896 746 1949 Chrysost.
759 1901 777 1936 7.

89 1988 108 2025 p.
121 1977 154 2012 99.
171 1976 204 2012 51.
220 1988 239 2024 p.
252 1977 298 2011 545.
322 1973 385 2011 Isoor.
396 1973 468 2023 Aegia.
484 1986 503 2023 p.
516 1975 563 2010 931.
579 1986 597 2010 v.
614 1971 716 2010 Sohafar
732 1972 777 2010 Mei.

88 2063 107 2100 p.
126 2050 184 2099 124]
199 2072 227 2077 -—
247 2043 321 2098 ἀλλάξ.
339 2062 388 2102 por.
407 2047 583 2094 vortere'oocem,
603 2048 665 2087 sooria
682 2059 730 2088 vore
749 2047 779 2087 ut'

91 2122 197 2173 (Artemid.
214 2125 233 2169 9,
250 2125 282 2159 90.
300 2121 344 2160 ooli.
362 2125 382 2173 4,
399 2124 431 2160 58.
457 2120 497 2159 Dio
514 2113 585 2172 Chrys.
603 2123 635 2159 59.
652 2134 671 2170 p.
682 2122 729 2158 575.
747 2119 777 2172 C.)

90 2199 109 2235 h.
125 2198 139 2235 I.
155 2197 323 2243 admonitionem,
343 2196 495 2247 castigationem
514 2196 597 2236 variare¹
608 2196 626 2232 h.
643 2209 660 2232 e.
675 2195 778 2233 hominurn

88 2272 174 2324 ingeniis
195 2272 357 2317 accommodare,
373 2270 405 2307 vei
420 2271 509 2309 severius
525 2270 556 2308 vei
571 2269 636 2308 lenius
652 2282 711 2321 agere
727 2283 778 2317 oum,

90 2348 114 2385 ef.
135 2352 143 2384 1
157 2345 204 2384 Cor.
221 2350 245 2393 4,
262 2349 294 2383 21.
325 2346 437 2383 Theodor.:
452 2341 529 2400 ἥῇελον
539 2370 546 2374 -
556 2369 580 2375 --
596 2344 636 2386 τῶν
653 2343 690 2399 μὲν
707 2345 778 2398 ἐκτρο-

92 2418 132 2476 πὴν
143 2420 259 2477 ᾓρηνῆσαι,
273 2420 313 2462 τῶν
326 2415 382 2462 δὲτὸ
395 2420 478 2473 βέβαιον
489 2419 608 2474 ί3111113111.
625 2418 681 2457 Bene
691 2416 779 2456 Stolz-=

90 2509 122 2533 um
146 2496 224 2534 meinen
243 2495 289 2533 Ton
312 2495 363 2534 naeh
386 2495 437 2533 euch
458 2507 483 2531 zu
502 2494 599 2532 stimmen.
619 2517 648 2522 —
665 2489 699 2535 Γὁτι
719 2489 779 2548 drop.

90 2583 137 2610 nom
158 2571 252 2618 (absens)
269 2570 327 2623 inops
342 2581 386 2610 sum
402 2568 478 2609 consilii
497 2567 554 2616 (Joh.
574 2571 608 2615 13,
626 2570 658 2605 29.
689 2567 779 2618 Thucyd.

92 2647 114 2692 2,
136 2647 167 2681 90.
197 2643 268 2695 Polyb.
285 2647 323 2690 90,
343 2645 362 2681 5.
383 2646 400 2680 8.
430 2642 525 2693 Polyaen.
543 2645 564 2690 5,
585 2643 617 2680 33.
638 2644 656 2679 4.
686 2641 780 2692 Xenoph.

89 2720 147 2764 Anah
172 2721 191 2766 7,
208 2720 230 2766 3,
248 2720 294 2770 99.)
314 2719 326 2756 i.
343 2731 360 2755 e.
376 2719 445 2756 neseio
461 2718 563 2768 quomodo
580 2717 605 2755 ad
621 2729 657 2756 vos
673 2716 780 2755 efficaciter
