1723 3054
74 235 101 279 62
252 235 418 276 ANNOTATIO
434 236 588 276 PERPETUA.

229 478 392 542 sutrio
422 476 614 548 tunnis.

289 613 357 657 our.
372 612 402 657 n.
417 630 437 657 v.
455 613 553 658 11-21.

135 733 206 782 Dooet,
226 731 323 785 quomodo
339 730 551 784 Antioohiae,‘multis
568 723 703 788 audientibus,
724 741 766 771 eoo-

74 806 210 859 postulooem't
233 818 276 846 oum
297 805 367 853 Petro,
391 806 427 860 qui
444 819 457 846 o
477 804 634 846 oltriste'ouorum
652 818 662 846 e
677 805 767 859 poponis

78 881 210 921 ortuurtorum
235 879 378 921 cousuetudine
402 893 444 921 sese
470 879 606 930 abstinuisset,
631 892 768 933 summamque

78 954 220 1008 disputamus
236 955 259 995 tle
273 950 332 1012 νόμῳ
348 959 439 1008 occupat.

135 1052 159 1092 V.
173 1055 203 1089 li.
224 1051 255 1090 De
270 1053 307 1090 hnc
322 1050 380 1089 Pauli
396 1057 415 1090 et
428 1051 483 1089 Petri
499 1051 635 1101 disputatione
651 1051 675 1089 cf.
691 1051 767 1088 Midd-
830 1045 833 1050 ζ

76 1126 145 1164 leton
160 1138 221 1163 verm.
238 1126 337 1166 Abhnndl,
353 1125 402 1176 Lpz.
422 1127 481 1164 1793.
499 1129 517 1165 8.
532 1139 552 1175 p.
571 1128 579 1162 i
597 1137 639 1176 sqq.
657 1126 682 1175 (v.
698 1124 767 1162 Eich-

78 1201 140 1238 horn
159 1199 211 1237 Bibl
232 1200 249 1236 d.
269 1199 316 1238 bibl.
335 1198 395 1238 Liter.
411 1199 447 1247 IV,
463 1213 482 1250 p.
500 1202 539 1237 999
556 1200 611 1250 sqq)
628 1204 647 1237 et
661 1198 685 1239 E.
701 1197 726 1238 G.
742 1200 767 1236 A.

78 1273 185 1321 Bdokel,
208 1273 299 1312 Pastoris
315 1287 369 1312 nuno
384 1273 504 1325 Hambnrg.‚
525 1273 650 1328 adumbratio
667 1273 768 1324 quaestio-

79 1349 110 1387 nis
127 1349 150 1386 de
166 1347 305 1386 controversia
320 1348 371 1385 inter
379 1346 436 1386 Paul.
453 1352 472 1385 et
485 1346 539 1388 Petr.
549 1347 672 1385 Antioohiae
688 1349 767 1386 oborta.

78 1423 133 1473 Lips.
150 1424 209 1460 1817.
226 1424 244 1459 4.
260 1445 289 1450 —
303 1418 334 1464 br.
349 1414 398 1478 ἦλῖο.
413 1427 520 1473 postquam
535 1423 589 1460 venit
604 1423 623 1460 h.
639 1435 655 1459 e.
672 1422 769 1473 aliquam-

79 1498 113 1535 diu
130 1498 158 1535 ibi
176 1502 266 1535 versatus
284 1496 321 1534 fuit
340 1497 364 1535 ef.
383 1510 402 1535 v.
421 1499 452 1534 14.
482 1496 610 1537 Autioolu'um
630 1496 679 1535 dicit
697 1494 768 1547 Syriae

80 1570 224 1622 (Ooolesyriae)
245 1573 315 1609 urbem
339 1572 364 1609 ad
386 1572 460 1609 flumen
479 1569 569 1609 Orontis·
584 1572 652 1619 sitam,
675 1571 768 1621 amplam,

64 1645 206 1696 opulentam,
229 1645 384 1696 hominibusque
399 1645 533 1696 frequentem,
556 1658 574 1683 v.
596 1642 689 1682 Gellar.
704 1643 768 1684 Notit.

81 1720 124 1758 orb.
147 1720 207 1770 antiq.
230 1719 288 1757 Tom.
303 1719 330 1756 ll.
353 1732 372 1769 p.
390 1722 430 1756 417
446 1731 490 1770 sqq.
520 1719 632 1757 Mannert
646 1718 729 1771 ,Geogr
750 1720 768 1758 d.

81 1793 161 1834 Griech.
178 1797 196 1832 οἱ
206 1792 265 1831 Rbm.
273 1793 308 1832 VI.
319 1793 335 1831 i.
345 1807 364 1844 p.
376 1796 416 1831 467
426 1806 455 1844 sq.
479 1793 511 1842 De
526 1794 566 1831 hoe
582 1800 645 1831 autem
662 1792 730 1832 Petri
741 1794 768 1844 13)

128 1991 160 2032 13)
168 1989 208 2022 Non
219 1999 306 2021 moramur
318 1989 395 2031 ineptam
403 1988 476 2021 Petrum
484 1988 618 2029 nonnullorum,
631 1992 651 2019 ut
657 1988 713 2021 (ilem.
719 1989 769 2021 Alex.

83 2048 153 2087 [Euseb.
167 2047 189 2079 H.
201 2047 222 2078 E.
237 2048 252 2087 1,
265 2047 299 2087 19.)
312 2046 427 2086 senteutiam,
443 2046 537 2088 pontificiis
552 2055 659 2087 magnopere
671 2045 770 2087 probatam,

82 2106 112 2147 qni
123 2115 159 2136 non
170 2104 242 2136 Petrum
254 2104 327 2145 Apost.‚
347 2102 379 2134 se'd
390 2103 485 2144 ignobilem
498 2103 585 2144 quendam
597 2102 674 2145 Cepham
688 2103 722 2134 diei
735 2104 771 2145 opi·

82 2167 147 2195 uantur
154 2173 170 2195 v.
179 2161 270 2194 Bbolrel.
279 2161 397 2202 etssorger.
411 2159 434 2191 ad
446 2159 463 2193 h.
475 2160 497 2202 i,
509 2160 556 2192 unde
567 2160 641 2201 tactum,
654 2164 674 2191 ut
685 2159 702 2191 h.
715 2159 727 2191 l.
739 2170 771 2202 pro

82 2209 154 2264 Πέτρος
171 2220 189 2251 iu
207 2219 261 2251 libros
279 2218 327 2250 haud
344 2227 409 2260 pancos
424 2214 493 2261 Κηφᾶς
511 2216 603 2249 inferretur
619 2227 636 2250 v.
652 2216 771 2250 Matthaei.

82 2276 118 2309 Neo
134 2275 311 2319 Theophylaotus
327 2276 392 2317 placet,
409 2275 439 2316 qui
455 2273 573 2319 οἰκονομικῶς
588 2274 605 2308 h.
622 2285 636 2308 e.
654 2275 772 2317 perspectam

83 2345 93 2367 a
109 2333 164 2366 Paulo
180 2334 227 2365 diota
244 2333 325 2375 factaque
341 2333 400 2365 omnia
416 2342 454 2365 esse
467 2332 563 2365 contendit.
586 2332 659 2379 Reqtius
672 2336 689 2364 et
701 2333 772 2364 veritati

83 2391 215 2424 convenientius
237 2391 258 2422 de
277 2392 310 2422 hoo
327 2401 374 2422 nom.
393 2393 493 2421 statuerunt
511 2390 614 2430 Hteron„
632 2389 736 2430 Pelagius
755 2393 772 2419 et

83 2447 358 2490 Augustiuaddstsnupp.
384 2446 447 2488 Soript.
462 2446 485 2479 Π.
500 2458 517 2488 p.
532 2446 566 2478 455
580 2456 605 2487 sq.
630 2445 712 2477 Ceterum
728 2446 772 2476 anti-

84 2507 153 2548 quiores
166 2505 244 2547 theologi
258 2505 334 2536 multum
348 2506 367 2536 in
383 2514 403 2536 eo
422 2504 532 2545 laborarunt,
551 2508 571 2536 ut
586 2503 709 2544 ostenderent,
727 2502 773 2534 hano

83 2563 133 2596 Petri
149 2563 277 2594 simulationem
293 2572 328 2594 non
341 2571 439 2603 repugnare
452 2561 551 2603 doetrinae,
568 2570 612 2603 quae
625 2564 651 2592 est
664 2560 685 2591 de
697 2560 773 2602 Aposto-

83 2620 140 2653 lorum
153 2619 269 2665 iisouisnorlq.
279 2630 296 2651 r.
309 2619 436 2651 Weismaun
452 2629 494 2651 usus
511 2622 528 2650 et
544 2619 608 2650 abusus
624 2627 707 2650 nensruae
725 2617 774 2650 Petri

84 2679 165 2720 paulinae
178 2676 230 2718 (Tnb.
244 2676 293 2708 1745.
306 2677 329 2716 4.)
342 2687 359 2718 p.
373 2676 394 2707 1ss
407 2685 444 2717 sqq.
457 2675 498 2708 add.
511 2676 573 2708 Flatt
585 2674 653 2708 Vorles.
666 2686 682 2717 p.
690 2675 717 2707 63.
738 2674 773 2708 Sed

84 2735 117 2767 heo
129 2735 161 2767 tali
173 2744 214 2766 eura
226 2734 313 2774 interpres
325 2743 339 2764 s.
353 2743 366 2764 s.
379 2743 414 2765 uon
427 2733 510 2775 angitur..
