1723 3054
107 217 149 262 ros
281 201 618 281 interrumperemus
669 279 672 282 Ι
743 279 746 283 Δ

108 323 194 361 naturali
210 324 304 362 nascendi
318 323 373 374 lege,
390 329 411 361 ut
426 323 523 373 reliquum
539 324 642 362 hominum
658 324 738 374 vulgus3
754 329 793 361 ete·

108 398 148 437 nim
164 397 240 450 Hagar,
258 403 279 437 ut
294 398 422 446 adolescens,
438 398 532 448 pariendi
548 398 614 437 adhue
629 398 742 437 faoultatem
758 395 793 436 ha-

107 475 172 512 bebat.
199 469 247 516 κατ’
266 473 340 529 ἐπαγγ.
356 479 434 524 praeter
445 478 528 511 naturae
539 474 715 521 consuetudinem,
726 472 793 524 singu-

106 548 144 586 lari
155 548 193 586 Dei
209 549 316 594 benefioi03
332 561 377 586 nom
389 546 449 595 Sere,
464 548 539 599 quippe
549 552 612 586 aetate
622 549 660 586 iam
672 548 793 599 provectior,

108 636 143 674 spe
158 623 222 673 prolis
238 613 344 661 exciderat.
370 621 399 662 Of.
415 622 474 661 Rom.
492 626 511 670 9,
528 625 545 663 8.
564 646 587 651 —
605 622 629 660 V.
646 625 678 660 24.
703 619 735 665 ἅτ.
752 622 794 664 ἐστ.

109 693 182 752 ἀλληγ,
203 710 252 748 quae
272 698 351 749 quidem
369 699 444 737 hubent
462 698 515 736 huno
534 710 614 737 sensnm
633 697 756 735 reconditum
776 701 795 735 et

108 772 250 811 sublimiorem.
271 772 334 810 lllulta
349 774 374 810 de
389 774 426 811 heo
441 787 453 810 v
477 774 553 811 dabunt
563 773 671 812 Wetsteu
698 771 794 819 Tomll,

109 861 128 897 p.
141 849 180 884 228
197 861 239 898 sqq.
256 852 275 885 et
285 847 368 898 Kypk.
385 848 411 885 ad
422 849 440 884 h.
451 848 463 884 l.
490 836 555 895 Quam
566 847 689 886 Judaeorum
705 846 794 898 magistri

79 969 81 972 .
108 924 179 960 mirum
195 922 215 959 in
231 923 311 960 modum
332 921 491 973 celebraruur³⁷)
511 922 639 974 allegoricam
658 920 677 960 S.
697 920 716 959 S.
735 922 795 959 inter-

110 997 200 1046 pretandi
223 997 331 1044 rationem,
354 997 421 1035 eadem
445 997 519 1047 passim
542 1010 589 1036 usus
608 1002 638 1036 est
656 995 730 1034 Paulus
749 996 795 1046 Ap,

107 1054 143 1109 ¹ubi
161 1083 204 1108 oum
219 1070 302 1110 Judaeis
318 1052 458 1121 disputandum
474 1077 524 1119 erat3
547 1076 610 1109 reete:
629 1084 674 1109 nam
690 1070 739 1108 nihil
754 1070 796 1107 effi-

112 1144 179 1183 cacius
199 1144 247 1196 fingi
270 1146 336 1195 potuit
358 1146 381 1183 ad
405 1146 442 1184 hos
465 1146 556 1184 homines
579 1146 695 1185 refutandos
715 1158 738 1183 ao
756 1157 796 1187 suo

112 1220 169 1270 quasi
184 1220 251 1271 gladio
267 1219 392 1271 iugulandos.
420 1219 499 1268 Quanto
510 1226 575 1259 autem
587 1221 607 1258 in
618 1220 719 1271 Apostolo
735 1219 796 1257 suerit

111 1294 236 1345 allegoricae
249 1295 419 1345 interpretationis
438 1308 470 1334 ers
490 1301 549 1347 utque
564 1308 622 1343 usus,
642 1296 722 1333 euhoe
740 1294 794 1340 loco,

110 1368 126 1405 si
143 1381 182 1419 quo
197 1368 247 1417 alio,
263 1374 329 1420 potest
344 1369 454 1409 existimari
482 1370 580 1421 Bipartita
596 1375 625 1408 est
641 1369 661 1407 Ρ,
678 1369 795 1427 disputatio3

111 1442 197 1493 primum
213 1443 264 1492 euim
282 1445 378 1491 ostendit,
395 1458 462 1483 rerum
478 1445 588 1483 Abrahami
602 1444 664 1483 filium
679 1457 721 1482 non
733 1443 796 1492 fuisse

110 1508 199 1556 >habitum
216 1519 254 1556 nisi
274 1518 306 1569 qui
326 1515 375 1561 κατ’
394 1519 494 1575 empye),
513 1524 571 1558 natus
589 1524 650 1567 esset,
671 1518 742 1557 deiude
761 1519 797 1569 (ne

113 1592 186 1631 Judeei
201 1593 241 1631 hoo
256 1593 280 1630 ad
296 1606 317 1631 se
332 1597 426 1644 tanquam
442 1594 507 1633 Issaei
525 1599 619 1644 posteros
637 1588 738 1643 pertinere
754 1593 797 1643 opi-

111 1667 216 1712 narenturl
239 1666 330 1713 Judaeos
351 1668 391 1718 legi
411 1681 460 1707 mos.
480 1668 582 1707 obnoxios
601 1648 673 1707 omnes
688 1667 709 1705 in
721 1672 797 1706 'servae

113 1735 200 1791 posteris
218 1746 277 1792 atque
296 1742 346 1780 adeo
362 1742 381 1779 in
398 1755 501 1780 servorum
517 1755 601 1781 numero
617 1755 660 1781 esse
678 1742 797 1788 censendos,

113 1828 139 1854 ex
149 1814 236 1866 Hagaris
252 1829 295 1854 cum
312 1822 379 1854 monte
390 1815 484 1855 Sinaitico
498 1816 642 1860 ,convenientia
657 1817 721 1856 elicitv
735 1817 760 1855 V.
773 1817 797 1855 de

110 1890 153 1941 ¹hoo
173 1889 220 1929 looo
237 1890 317 1930 Witsii
336 1891 420 1930 Miscell.
438 1905 487 1931 saer.
504 1891 533 1939 H,
552 1905 570 1942 p.
590 1894 628 1929 137
645 1904 689 1942 sqq.
709 1889 797 1945 Suren-

114 1965 166 2003 hus.
188 1964 259 2017 βίβλος
277 1968 395 2020 revellor·
418 1980 438 2017 p·
455 1968 496 2011 576,
509 1979 551 2017 sqq·
583 1957 629 2009 udi.
646 1966 688 2009 etot
703 1967 741 2007 hae
756 1979 798 2004 mu-

74 2071 76 2077 .
112 2038 171 2078 lieres
194 2044 241 2080 solut
262 2040 281 2077 h.
304 2053 320 2077 e.
344 2040 460 2095 sr'qoiyluunt
482 2036 518 2083 δύο
542 2040 629 2096 ὃιαῗῆκ.
653 2040 693 2079 duo
715 2039 799 2078 foedera

113 2113 223 2162 (nobiliol,
246 2127 318 2162 unum,
341 2115 396 2165 quod
414 2114 470 2153 Deus
492 2128 536 2153 eum
555 2114 741 2167 geuteisraeliti'ca
763 2128 799 2165 per

114 2188 195 2236 Mosen,
211 2189 304 2237 alterum,
321 2189 374 2240 quod
390 2170 437 2234 oum,
449 2190 564 2234 hominibus
576 2189 675 2233 ,omnibus
691 2189 799 2240 interprete

114 2260 194 2317 Christo
212 2263 299 2315 pepigit,
319 2263 343 2303 of.
359 2263 420 2302 Hebr.
438 2266 460 2313 S,
479 2267 496 2302 6.
513 2267 530 2302 7.
549 2268 568 2311 9,
587 2266 610 2302 15
627 2276 664 2315 sqq
699 2265 761 2303 Arue.
778 2263 801 2306 od

119 2518 121 2521 .
160 2492 191 2533 37)
209 2492 237 2524 De
249 2494 281 2525 hae
294 2493 387 2535 allegorica
399 2491 506 2538 Judoeorum
518 2493 672 2534 interpretatione,
689 2490 758 2524 Philoni
770 2501 800 2534 po-

113 2551 198 2583 tissimum
211 2551 285 2592 usitata,
300 2551 348 2582 cuius
361 2551 437 2592 origines
450 2552 468 2582 et
479 2551 557 2582 rationes
570 2550 656 2592 copiosius
669 2549 753 2591 explicare
765 2560 800 2586 non

113 2612 140 2640 est
152 2607 203 2640 huius
214 2608 259 2650 loci,
273 2607 294 2640 of.
303 2608 399 2650 Viti-ing.
414 2599 478 2650 Synag.
492 2611 526 2639 vet.
538 2618 555 2650 p.
569 2607 602 2639 673
615 2616 652 2648 sqq.
661 2605 765 2639 Wetsten.
778 2607 801 2639 ad
843 2619 845 2622 ’

112 2665 129 2697 h.
144 2664 156 2697 l.
171 2664 290 2697 Eiehhorn.
308 2664 391 2697 Biblioth.
411 2665 441 2696 der
459 2664 500 2695 bibl.
519 2665 553 2697 Lit.
567 2665 590 2706 V,
609 2674 626 2705 p.
643 2664 676 2695 222
689 2673 725 2705 sqq,
754 2662 801 2696 Add.

113 2721 243 2765 Sohdttgen.
256 2734 272 2764 p.
285 2722 318 2754 747
332 2732 368 2764 sqq.
626 2733 628 2735 ’
