1723 3054
102 257 131 300 20
243 237 248 239 ”
306 255 524 298 rnonneounnl.
541 261 621 311 μ.»

103 394 138 440 διὰ
154 399 227 439 esrae.
239 396 290 438 ἐτῶν
300 394 332 437 ita
341 394 448 438 reddidit:
465 386 525 462 pau
539 400 673 448 aternu&
690 394 744 463 nup
763 400 794 461 pu

105 493 164 528 cute
179 488 341 541 quatuordena
357 501 428 529 uranos.
504 502 511 509 ⁸

114 642 121 646 ·
160 623 180 667 2.
197 621 312 679 Sequitur,
327 630 352 666 ut
363 632 436 680 putres
454 624 569 680 utriusque
585 609 702 679 ecclesiae,
719 624 757 680 qui
772 624 795 666 in

104 701 147 744 hac
170 703 263 759 epistola
286 703 416 746 illustranda
437 705 519 747 versati
546 709 606 758 sunt,
635 718 795 746 recenseamus.

104 780 131 823 In
150 781 185 825 his
204 788 276 825 autem
294 789 345 840 post
360 783 502 827 Theodorum
516 782 710 841 Mopsuestenum,
734 783 796 825 cuius

105 864 255 907 commentarii
272 865 377 922 temporis
398 865 477 908 iniuria
492 865 614 923 perierunt7
637 865 702 909 unice
717 866 798 908 eminet

105 943 220 987 Ioannes
243 944 453 1001 Chrysostonrus
472 947 501 1001 (a.
518 946 674 1001 354-407.)‚
698 945 797 1001 quiem-

105 1023 183 1078 nibus,
209 1030 318 1080 quotquot
340 1025 364 1066 in
386 1025 480 1067 ecclesia
502 1039 582 1081 graeca
604 1024 710 1081 deinceps
727 1024 798 1067 secuti

57 1154 68 1158 Η
108 1111 169 1155 sunt,
192 1105 348 1162 interpretibus
366 1105 437 1149 facem
456 1106 520 1162 quasi
538 1105 642 1163 praetulit
660 1111 682 1149 et
697 1122 709 1148 a
723 1105 797 1149 multis

107 1185 279 1241 transscriptus,
303 1201 316 1227 a
330 1186 419 1228 nemine
437 1192 552 1242 superatus
576 1191 615 1228 est.
648 1185 676 1228 In
690 1186 717 1228 iis
733 1187 799 1242 enirn,

107 1279 161 1319 quas
183 1263 212 1305 ad
234 1264 332 1320 singulos
356 1263 378 1307 S.
396 1264 419 1308 S.
437 1265 506 1307 libros
530 1265 637 1319 coniecit,
660 1264 797 1321 homiliisffl)

106 1343 162 1387 nihil
177 1344 288 1402 antiquius
304 1343 382 1401 habet,
398 1344 442 1389 nisi
457 1360 546 1389 sensum
562 1351 583 1389 et
598 1344 736 1403 singulorum
750 1362 799 1390 ver-

106 1426 193 1467 borumv
204 1432 226 1468 et
244 1426 380 1481 integrorum
396 1432 528 1468 commatum
547 1426 679 1481 eloquendi
693 1442 745 1477 usu,
772 1443 799 1470 ex

106 1504 214 1559 historiis⁷
232 1520 243 1547 e
259 1505 390 1561 scriptorum
410 1504 505 1560 denique
521 1520 632 1547 sacrorum
648 1505 746 1548 consiliis
762 1522 799 1549 ex-

106 1583 201 1642 plica-re,
227 1600 296 1641 eaque
311 1584 334 1627 in
349 1601 373 1628 re
390 1584 493 1629 idoneam
507 1585 610 1642 probavit
625 1584 746 1642 solertiam⁷
769 1586 800 1630 ita

107 1671 143 1721 ut⁷
169 1666 189 1708 si
204 1681 260 1722 quae
275 1681 353 1722 parurn
368 1672 438 1721 recte,
462 1666 516 1708 nihil
531 1672 605 1709 tamen
619 1672 700 1710 temere
716 1666 800 1710 dictum

106 1745 229 1801 reperiatur
237 1745 275 1800 44).
306 1745 509 1800 Theodoretus,
526 1744 680 1802 Chrysostonri
695 1752 717 1788 et
726 1746 799 1789 Theo-

108 1823 156 1868 dori
170 1823 259 1883 Mopsv.
276 1823 410 1883 discipulus,
426 1825 450 1868 in
461 1824 538 1869 eodem
549 1824 709 1883 interpretandi
719 1841 800 1884 genere

112 1972 251 1980 .,—.-..

152 2068 188 2121 43)
205 2065 257 2119 Opp.
274 2067 304 2108 ed,
324 2065 497 2106 Montfaucon
516 2066 574 2106 Tem.
589 2066 616 2108 X.
630 2081 650 2119 p.
668 2070 741 2107 [357¹-
753 2072 799 2109 730.

107 2143 167 2183 Hanc
191 2149 256 2182 auten]
277 2144 335 2194 epist.
357 2147 437 2181 nostrae
456 2142 642 2192 interpretationem
657 2144 683 2182 ad
700 2141 808 2189 commen?

107 2220 153 2256 tarii
174 2219 237 2269 magis
257 2231 317 2268 quam
335 2217 430 2255 homiliae
448 2216 534 2254 formam
551 2219 658 2266 accedere,
680 2224 734 2258 recte
749 2220 801 2258 iudi-

109 2304 165 2331 casse
181 2292 275 2330 videntnr
292 2292 386 2330 editores.

152 2414 189 2464 44)
204 2426 223 2450 v.
239 2412 305 2450 Mori
320 2415 404 2453 Acroas.
421 2427 464 2464 sup.
481 2414 569 2451 hermen.
585 2409 613 2452 N.
629 2413 653 2450 T.
668 2426 687 2463 p.
705 2416 800 2466 239sqq.

108 2484 287 2525 Rosenm'uller
303 2487 347 2524 hist.
358 2487 461 2537 interpret.
472 2487 510 2543 Ill.
525 2501 545 2537 p.
558 2489 597 2524 ‘2ss5
610 2499 654 2537 sqq.
671 2485 803 2526 Schroc'kh

107 2557 157 2600 KG.
177 2559 202 2597 Χ,
221 2573 241 2610 p.
257 2562 297 2598 486
315 2572 357 2611 sqq.
403 2560 428 2599 Ge
449 2555 478 2599 W.
501 2561 582 2612 Meyre
601 2573 656 2598 nova
675 2568 800 2601 commentat.

109 2637 134 2675 de
154 2633 257 2687 Ohrysost.
276 2635 350 2675 literar.
369 2648 441 2675 sacrar.
462 2638 532 2688 intpte.
567 2636 649 2687 Erlang.
669 2638 801 2679 1814-16.

112 2714 122 2748 3
139 2710 191 2750 Ptes.
208 2714 227 2749 4.
