1723 3054
106 225 146 269 114
286 225 452 265 ANNOTATIO
463 226 617 266 PERPETUA.

108 329 171 369 Celer.
187 331 221 381 qui
237 331 319 379 factum,
336 337 357 368 ut
372 331 463 369 nonnulli
478 331 524 369 libri
540 327 602 374 πάλιν
617 331 717 380 omittant,
734 345 793 370 uerno

108 418 148 444 non
165 406 257 457 inungit
272 420 289 444 v.
302 405 402 457 Whirby
415 406 440 443 an
455 406 474 443 ι.
489 405 503 444 ι,
518 430 547 435 -
560 401 607 449 troc
623 403 658 448 :tc
673 402 719 461 νίν..
736 411 796 447 orco

109 481 178 534 lcpcrrr,
195 483 290 532 quoniam
305 482 350 527 lex,
367 483 422 530 cujus
433 494 480 531 pars
491 486 521 519 est
536 481 560 518 de
577 482 728 520 circumcisione
739 494 796 532 prae-

108 562 186 606 ceptum
208 569 250 593 non
265 556 400 606 particulatim
416 556 451 593 sed
466 569 507 593 una
522 569 545 593 ac
561 561 604 593 rora
620 557 678 594 debet
693 557 796 594 observari

112 635 130 676 3,
149 634 180 668 10.
196 631 241 668 add.
257 630 301 668 Jac.
319 634 338 677 ἓ,
358 633 381 668 10
398 643 427 681 sq.
451 628 513 668 Simil.
529 631 659 686 περιτέμνειν
679 637 698 668 et
715 646 796 686 παραγ-

111 706 190 760 γέλλειν
210 711 279 762 τηρεῖν
297 704 333 747 τον
349 702 411 759 νόμον
426 706 535 756 iunguntur
551 707 595 743 Act.
615 708 648 752 15,
666 707 682 742 5.
714 703 734 743 Si
752 718 796 750 vos,

109 781 173 831 inquit
188 780 271 827 Paulos,
292 780 463 818 circumcidendos
480 781 564 826 curatis,
588 792 628 817 non
643 779 690 817 licet
705 781 741 817 hac
757 792 797 817 una

109 855 129 891 in
145 867 216 893 caussa
235 855 274 905 legi
287 843 442 904 obtemperare,
465 855 500 893 scd
516 855 591 893 debetis
607 860 670 892 totam
686 855 751 905 legem
767 868 797 892 re-

110 930 176 979 cipere
192 931 211 967 h.
228 943 244 968 e.
260 929 377 980 religionem
394 930 434 967 chr.
451 942 531 968 ornnem
548 930 633 967 abiicere
649 943 667 967 ν.
679 933 697 967 4.
720 929 797 967 Videtis

112 1005 183 1055 igitur,
200 1016 295 1055 quorsum
311 1016 349 1042 ros
364 1004 455 1054 abripere
471 1003 534 1041 velint
548 1005 581 1042 isti
596 1005 693 1043 homines.

108 1102 110 1106 ν
168 1079 191 1116 V.
208 1081 226 1115 4.
257 1077 364 1116 Geminum
383 1079 462 1116 attende
482 1079 603 1129 asyndeton,
623 1081 674 1116 unde
694 1079 797 1116 sententiis

111 1155 140 1192 ris
155 1154 237 1191 accedit.
247 1175 271 1180 -
282 1166 371 1209 κατηργ.
388 1151 436 1190 Sim,
448 1155 607 1209 καταργεῖσῗαι
623 1149 665 1195 ἀπὸ
680 1153 716 1194 τοῦ
732 1148 796 1207 νόμον

111 1229 152 1283 lece
168 1228 256 1279 cccrclvr',
274 1240 286 1266 o
305 1227 345 1281 lupe
359 1228 465 1268 trnrrrcccrrr
483 1229 528 1281 ficri
543 1229 594 1265 dixit
608 1227 683 1266 Paulus
698 1226 758 1266 Rom.
777 1230 796 1272 ῖ,

112 1306 130 1340 2.
143 1305 159 1340 6.
179 1302 204 1339 H.
215 1302 228 1340 l.
238 1302 336 1340 immunes
346 1302 389 1339 ficri
400 1315 412 1339 a
422 1300 503 1341 Christo
513 1303 526 1340 i.
538 1317 564 1349 u,
580 1309 602 1339 ut
612 1304 662 1340 benc
672 1301 807 1352 Theophyl:

111 1374 210 1431 οὐδεμίαν
227 1376 335 1418 κοινωνίαν
352 1376 405 1431 ἔχειν
422 1372 477 1430 μετὰ
493 1377 530 1418 τοῦ
545 1377 642 1432 Χριστοῦ,
671 1376 733 1414 Artic.
750 1382 796 1414 ante

110 1451 200 1507 Χριστοῦ
216 1454 273 1489 abest
288 1464 299 1487 a
316 1451 372 1488 codd.
389 1449 463 1488 BCD
479 1455 500 1490 et
515 1451 557 1497 all,
573 1464 635 1502 eaque
652 1452 676 1489 dc
692 1463 763 1489 caussa
778 1458 798 1488 et.

111 1527 165 1576 quod
184 1525 242 1563 Paul.
263 1526 284 1563 in
307 1525 341 1563 tali
363 1526 461 1563 sententia
484 1539 524 1563 non
548 1526 600 1564 solet
623 1521 686 1580 δΧρ.
699 1526 797 1572 scribere,

111 1601 220 1638 eiiciendus
231 1601 308 1638 videtur
319 1598 468 1638 Gersdorfio
481 1599 624 1652 (Sprachclrar.
636 1600 652 1647 l,
663 1613 683 1649 p.
696 1601 758 1650 tid).
769 1624 798 1628 —

112 1678 151 1717 δικ,
167 1688 194 1713 sc.
211 1688 235 1713 ex
251 1675 307 1711 inani
323 1680 388 1712 vestra
403 1675 505 1724 opinione.
516 1698 544 1702 -
555 1671 623 1729 γοίριτ.
636 1672 716 1724 diendo.
728 1675 798 1727 pratia

112 1750 219 1791 eoectrtz‘srts
235 1762 267 1797 ea,
292 1761 342 1800 [runc
358 1762 384 1787 ex
399 1749 437 1786 fide
453 1747 533 1787 Christo
550 1749 617 1787 habita
632 1761 650 1786 v.
668 1752 685 1787 5.
706 1749 797 1799 adeoque

111 1825 165 1862 nulla
179 1824 230 1875 legis
245 1824 276 1861 vel
293 1824 332 1875 legi
347 1824 490 1862 convenienter
504 1824 604 1862 factorum
624 1824 642 1861 vi
659 1823 685 1873 (v.
704 1825 730 1875 6.)
746 1823 798 1861 salu·

110 1906 149 1937 tcrn
165 1904 266 1937 aeternam
277 1899 350 1936 tribuit.
371 1898 403 1936 De
415 1899 455 1936 hoc
465 1904 509 1936 voc.
522 1899 606 1941 ἐκπίπτ.
617 1911 677 1936 sensu
688 1898 712 1936 cf.
725 1897 797 1936 tPerr.

112 1976 131 2022 3,
150 1977 180 2011 17.
204 1969 233 2028 μὴ
253 1974 358 2029 ἐκπέσητε
378 1973 416 2014 τοῦ
435 1973 487 2014 ίδίον
508 1972 632 2029 στηριγμοῦ,
649 1971 710 2010 Sirac.
728 1974 761 2018 34,
779 1975 797 2009 7.

110 2048 238 2087 Plutarch.
250 2046 325 2085 Grach.
336 2061 355 2098 p.
368 2050 408 2085 834
420 2046 443 2084 E.
461 2047 533 2085 Athen.
548 2050 578 2084 14.
595 2060 614 2097 p.
628 2049 673 2085 (51⁴3.
690 2046 730 2084 Dio
742 2045 796 2086 Cass.

110 2126 188 2171 4216.
204 2122 301 2161 Elsner.
312 2136 332 2172 p,
346 2126 384 2160 194
396 2135 439 2172 sqq.
460 2122 542 2164 ἐκπίπτ.
560 2122 588 2163 ἐκ
603 2138 621 2162 c.
639 2122 689 2158 dixit
704 2121 798 2159 Aelian.

110 2199 134 2236 V.
145 2198 172 2235 H.
183 2201 203 2244 4,
217 2201 234 2234 t.
245 2220 272 2225 —
284 2197 308 2235 V.
321 2201 339 2235 δ.
355 2193 392 2253 rip.
403 2196 494 2235 homines
509 2210 555 2234 vere
572 2196 683 2241 christiani,
700 2196 733 2246 qui
750 2196 797 2254 nihil

109 2285 200 2311 curamus
215 2268 251 2314 τὸν
266 2267 334 2327 νόμον.
352 2294 377 2300 -
395 2272 438 2313 ἐλπ.
456 2273 495 2313 δικ.
513 2268 614 2325 ἀπεκδεχ.
630 2270 697 2320 pleon.
714 2271 798 2309 dictum:

109 2349 187 2386 videtur
202 2346 224 2385 P.
240 2347 293 2384 aliud
310 2348 393 2385 verbum
409 2346 438 2396 (nt
449 2346 532 2402 ἔχομεν)
548 2346 567 2383 in
580 2351 644 2383 mente
655 2346 748 2384 habuisse
765 2346 798 2396 (cf.

109 2424 153 2461 sinr.
164 2422 204 2460 loc.
219 2421 257 2459 Tit.
271 2424 290 2469 2,
304 2423 335 2460 13.
352 2424 363 2458 2
376 2419 423 2459 Cor.
435 2424 454 2468 δ,
467 2423 499 2459 24.
516 2417 553 2477 τὴν
565 2418 649 2470 ἔνδειξιν
660 2420 700 2476 τῆς
711 2416 799 2476 ἀγοίπης

110 2496 232 2548 ἐνδείξασῗῦε
251 2503 272 2534 et
289 2495 361 2546 Polyb·
378 2498 400 2542 ὃ,
418 2498 454 2543 34,
473 2499 489 2533 l·
506 2495 590 2545 ἐλπίδες
605 2495 798 2550 προςδοκωμέναι),

108 2572 146 2611 nisi
169 2572 219 2609 velis
243 2572 287 2613 u’lr't.
311 2572 351 2612 δικ.
374 2571 401 2607 ita
423 2570 560 2620 interpretari:
583 2565 715 2626 δικαιοσύνην
735 2570 798 2617 illam,

109 2648 165 2685 cuius
181 2659 236 2696 spem
254 2646 367 2684 hominibus
387 2645 434 2682 fecit
452 2640 465 2701 ἦ
487 2645 605 2701 ἐπαγγελία
623 2644 659 2687 τοῦ
677 2645 736 2687 {racd
766 2643 799 2683 Sic

107 2722 148 2760 fere
168 2720 259 2759 calixt.
279 2727 298 2759 et
321 2718 452 2758 schottus.
481 2721 548 2759 illinus
566 2726 631 2767 recte,
650 2720 671 2758 in
690 2721 727 2758 hac
746 2726 799 2758 ccrte
