1723 3054
87 259 115 301 44
167 314 169 319 .
257 258 430 299 '‘ANNOTATIO
446 261 600 301 PERPETUA.

89 361 152 419 ἡμεῖς
166 364 178 400 i.
195 375 211 400 e.
228 375 265 414 ego
281 362 355 402 Paulus
375 378 393 402 v.
409 363 469 404 Rom.
487 367 509 412 3,
527 366 545 402 8.
569 368 579 402 2
597 363 643 403 Cor.
662 369 683 414 l,
702 369 732 403 10.
749 388 775 393 ——

88 434 134 491 παρ’
152 432 163 478 ὃ
179 438 305 477 contrariom.
319 439 355 487 tut,
373 438 397 476 cf.
407 452 426 476 v.
442 441 472 476 10.
488 444 507 477 et
522 439 580 478 simil.
590 440 630 483 loc.
637 439 699 479 Rom.
713 443 745 488 12,
758 441 776 477 3.

33 498 35 501 .
89 510 222 566 ὑπερφρονεῖν
239 508 285 567 παρ’
304 508 315 554 ὃ
331 514 364 555 δεῖ
379 517 459 568 φρονεῖν
475 514 520 552 add.
535 512 586 553 Plat.
601 528 643 566 rep.
660 518 706 566 tp
732 518 776 553 157.

89 609 114 614 -
130 585 162 623 De
177 598 222 624 voc.
235 582 375 641 ἇναῇέματος
389 600 407 624 v.
419 586 514 627 Suioer.
534 588 594 627 Thes.
609 589 657 628 eccl.
667 589 688 637 Ι,
704 603 722 640 p.
735 590 775 627 268

88 673 130 710 sqq.
148 661 193 698 edit.
211 663 228 698 3.
259 660 339 698 Witsii
359 662 436 700 Miscet]
457 661 484 710 II,
505 676 525 713 p.
542 666 568 701 43
585 676 628 714 sqq.
658 663 722 703 LXX.
738 676 775 714 pro

88 737 143 775 hebr.
160 735 220 782 D'tl't
239 737 305 787 (quod
325 737 391 787 ipsum
410 738 429 774 h.
449 737 461 773 l.
478 735 540 788 Syrus
555 742 638 789 uterque
653 738 723 788 habet)
739 750 777 788 po-

89 820 139 849 nunt
149 794 239 863 adeoque
250 813 274 850 de
285 826 307 850 re
317 812 383 850 Jovae
394 814 476 861 devota,
493 826 549 863 quae>
559 804 630 852 redimi
645 814 699 852 nullo
715 814 776 852 inodo

88 890 169 935 poterat
184 886 231 924 Len.
249 889 283 934 27,
300 889 332 926 21.
348 887 392 925 Jos.
406 890 424 934 6,
444 889 474 925 18.
493 890 516 926 to
542 887 610 926 Erech
628 891 662 935 44,
679 891 719 935 29,
735 888 775 926 imo

81 959 190 999 'interdum
210 961 273 1000 exitio
293 962 336 999 dari
351 962 454 1012 atque'sic
470 975 481 999 a
496 961 561 1000 Jonas
577 968 660 1012 aspectu
675 962 731 1012 quasi
746 976 777 1000 re·
832 1010 840 1016 .

89 1035 167 1073 moveri
183 1035 268 1075 debebat
282 1036 342 1074 Dent.
359 1039 378 1084 7,
395 1039 427 1074 26.
443 1036 487 1075 Jos.
505 1039 524 1084 6,
544 1039 573 1087 11.
590 1036 635 1075 coll.
652 1039 684 1074 24,
714 1036 776 1075 Recto

88 1110 148 1160 igitur
167 1109 255 1161 Hesych.
276 1106 396 1166 ἐπάρατος,
412 1107 564 1168 ἀκοινώνητος,
586 1110 653 1161 Cyrill.
671 1124 702 1160 ap.
718 1111 777 1148 Val-

87 1185 202 1222 ckenaer.
220 1181 309 1235 (Selecta
324 1198 335 1222 e
350 1185 425 1223 scholis
441 1185 467 1225 V.
483 1185 504 1232 Ι,
520 1198 539 1234 p.
557 1185 614 1233 259.)
635 1183 644 1225 ὃ
663 1180 705 1227 ἀπὸ
723 1185 776 1229 ‘boob
815 1229 817 1231 .

88 1254 201 1314 χωριςμός.
231 1257 303 1308 Propr.
324 1271 366 1297 non
385 1258 451 1298 differt
471 1255 575 1313 uruffiepct
591 1259 656 1311 (quod
672 1272 703 1308 op.
720 1272 777 1309 grae-

91 1345 125 1371 cos
142 1333 251 1382 scriptores
267 1334 328 1371 semel
343 1333 441 1371 duntaxat
461 1333 549 1371 occurrit
563 1332 689 1371 Plutarch.
706 1333 776 1383 Pelop.

90 1421 106 1446 c.
124 1409 168 1454 25,
183 1408 311 1457 improbante
324 1412 390 1445 tamen
405 1406 546 1457 Lobeckio)
562 1408 587 1445 ab
604 1403 719 1464 brotbupc,
739 1407 778 1446 nisi

89 1482 144 1532 quod
158 1481 197 1520 ista
211 1494 255 1520 voc.
267 1482 333 1519 forma
343 1481 488 1520 recentioribus
499 1481 541 1519 fere
552 1472 683 1532 scriptoribus
693 1482 777 1532 propria

88 1561 117 1594 est
131 1555 165 1605 (cf.
179 1551 262 1612 εὕρημα
272 1561 291 1593 et
303 1552 382 1610 εὕρεμα
392 1556 464 1594 Thorn.
475 1556 529 1607 Mag.
541 1557 572 1593 ed.
583 1555 679 1593 Bernard.
690 1569 709 1605 p.
722 1558 777 1607 333,

88 1625 201 1685 πρὸςῖῖεμσ,
216 1635 235 1668 et
250 1626 367 1686 πρόςῇηρα
382 1629 456 1681 Phryn.
477 1630 508 1669 ed,
524 1629 633 1684 Lobech.
649 1643 668 1680 p.
686 1631 742 1680 249.)
758 1638 778 1668 et
841 1678 844 1680 Α

91 1705 156 1754 ipsum
172 1704 221 1743 illud
238 1700 344 1758 ἀνάῖῖερα
358 1704 432 1755 passim
448 1718 480 1755 ap.
495 1705 620 1755 posteriores
636 1706 716 1753 eodem,
736 1718 776 1756 quo

91 1777 176 1817 Graecis
193 1774 299 1834 hvdbupct
314 1778 371 1829 (Luc.
384 1780 417 1826 21,
429 1781 448 1817 5.
465 1779 550 1817 3Macc.
563 1781 581 1826 3,
596 1781 636 1830 17.)
651 1791 711 1817 sensu
726 1779 778 1830 legi-

91 1860 123 1891 tur
138 1854 163 1890 cle
178 1854 273 1913 clorrotss‘fff
284 1854 304 1891 in
320 1853 360 1891 Dei
375 1853 473 1891 honorem
488 1853 590 1903 suspensis
607 1854 727 1900 21114002,
746 1856 776 1891 13.

91 1928 214 1966 Theodoret.
229 1927 261 1975 II,
280 1930 339 1966 1063.
362 1927 404 1975 ΠΙ,
423 1930 483 1965 1215.
504 1929 534 1966 ed.
550 1927 605 1965 Hal.
636 1927 690 1966 Hinc
706 1926 777 1966 Suidas

88 2003 118 2040 ed.
135 2000 231 2040 Kiister
245 2002 266 2050 Ι,
281 2016 301 2052 p.
316 1989 361 2040 164.
378 2002 435 2048 dicit,
452 1998 556 2055 coduepo
567 2007 590 2039 ‘et
604 1997 629 2043 τὸ
646 2001 676 2051 εἰς
692 1998 777 2058 ἀφορισ-

90 2072 128 2130 μον
145 2072 244 2132 ἐσόμενον
260 2076 374 2127 significare
390 2081 410 2114 et
424 2088 462 2125 pro
480 2072 586 2132 &tribum
601 2076 656 2126 poni.
727 2104 729 2122 2
775 2067 777 2071 ’

145 2150 169 2189 V.
187 2154 205 2189 9.
228 2150 301 2200 repetit
320 2151 399 2198 eodem,
421 2155 442 2187 ut
460 2150 511 2188 solet
529 2150 551 2188 in
569 2150 718 2189 vehementiore
737 2164 778 2202 serf

87 2237 153 2263 mone.
177 2221 226 2280 ἄρτι
241 2226 261 2264 h.
278 2224 291 2262 l.
308 2224 332 2262 de
347 2225 448 2274 praesenti
464 2229 554 2275 tempore
565 2237 627 2273 curte,
644 2237 698 2264 tuoto
713 2225 778 2278 c'psont

88 2299 147 2349 (dum
166 2301 216 2338 haec
235 2300 315 2350 scribo)
335 2304 358 2337 ut
378 2302 387 2336 1
405 2297 451 2337 Cor.
471 2300 506 2346 13,
526 2301 556 2336 12.
582 2302 617 2347 16,
634 2302 652 2336 7.
668 2303 688 2337 et
702 2299 778 2349 passim

47 2399 52 2413 -.
88 2387 119 2424 ap.
135 2375 258 2412 recentiores
274 2374 366 2424 scriptor.
383 2387 400 2412 ν.
416 2373 526 2428 Lobeck.
543 2374 568 2411 ad
583 2372 658 2424 Phryn.
674 2386 693 2422 p.
706 2375 739 2409 20.
750 2395 778 2401 -—

87 2448 114 2485 V.
128 2451 159 2486 10.
177 2444 226 2503 ἄρτι
241 2461 269 2486 sc.
286 2461 311 2485 ex
327 2461 367 2498 quo
383 2449 408 2486 ad
424 2460 483 2486 sacra
498 2448 565 2486 christ.
581 2434 718 2498 transgrbssus
728 2459 778 2485 sum.

88 2520 152 2559 Notat
171 2523 219 2560 illud
239 2528 327 2573 tempus,
351 2535 400 2573 quo,
420 2535 474 2560 vano
490 2535 557 2560 rerum
572 2521 695 2560 iudaicarum
711 2522 777 2560 studio

88 2597 170 2644 ductus,
195 2610 266 2636 causae
282 2598 362 2635 divinae
378 2598 495 2636 adversatus
509 2597 576 2636 fuerat
591 2610 609 2635 v.
628 2598 657 2634 13·
668 2609 698 2646 sq.
715 2592 778 2651 oirbp.

63 2720 67 2723 χ
87 2670 155 2713 scibo
175 2667 189 2726 ἦ
210 2666 246 2712 τὸν
267 2668 333 2722 bobr]
350 2671 408 2709 locus
427 2671 559 2722 perdifficilis.
594 2671 692 2723 Equidem
713 2671 778 2709 denuo

87 2745 191 2795 pensitatis
207 2745 292 2798 singolis
308 2747 375 2785 verbis
394 2747 422 2785 ita
440 2746 581 2798 explicuerim:
603 2746 691 2787 bornt'ucs
707 2744 778 2798 [homi-
