1723 3054
274 214 496 254 Paoanoouaua
513 201 559 266 §.a
678 257 679 260 χ
750 213 763 254 5

71 356 126 384 esse.
143 339 204 393 Quid
215 340 282 383 vero?
293 355 321 382 an
331 355 376 382 non
387 340 436 396 ipse
446 339 520 382 Lucas
531 339 642 397 significat
653 339 683 394 (v.
694 338 714 381 6.
722 338 762 394 7.),

70 421 164 464 Paulum
180 421 246 463 etiam
261 420 284 462 in
299 420 355 463 Asia
370 426 392 463 et
406 413 512 476 Bithynia
528 418 650 463 doctrinam
665 417 709 461 div.
719 424 763 461 tra-

70 494 168 543 diturum
185 501 266 561 fuisse,
290 500 333 555 nisi
353 498 472 556 impeditus
493 505 551 542 esset
570 514 582 541 a
598 498 715 558 naeinam?
735 513 763 541 an

51 614 53 616 .
70 596 114 623 non
129 580 266 624 Macedones
283 595 371 636 quoque
388 579 434 622 adit
443 578 567 636 Apostolus
583 578 644 635 (Act.
656 580 693 634 16,
710 579 762 635 16),

71 660 152 716 quibus
171 660 270 704 nondum
290 660 371 703 tradita
391 666 449 703 esset
468 659 568 702 doctrina
587 658 719 701 christiana?
735 674 763 701 an

70 756 156 806 nonea
172 742 256 796 omnia,
272 728 328 797 qnae
343 722 396 796 inde
412 757 424 783 a
438 757 459 783 v.
475 741 494 784 6.
510 740 624 797 leguntur,
643 738 671 781 ad
685 738 710 784 τὸ
725 744 763 784 λα-

70 824 134 878 λῆσαι
155 820 192 865 τὸν
215 820 276 878 λόγον
299 821 369 877 magis
390 836 456 877 quam
474 820 502 863 ad
524 817 548 865 τὸ
569 822 706 879 ἐπιστηρίζειν
721 819 764 872 τὰς

71 903 188 960 ἐκκλησίας
202 900 327 957 pertinent?
354 899 399 944 Sed
414 917 434 944 v.
451 900 540 943 omnino
556 899 703 942 Eichhorn.
719 898 761 945 HI..

71 996 93 1037 p.
108 981 143 1024 73.
159 987 203 1023 not.
216 982 234 1025 1.
248 979 321 1038 Hug.
336 980 366 1023 Π.
381 997 403 1038 p.
414 981 462 1025 316.
477 979 607 1024 Berthold
618 979 658 1023 VI.
668 996 690 1037 p.
699 980 762 1038 2775.

70 1059 167 1103 Accedit
185 1060 291 1117 denique,
314 1061 381 1104 istum
399 1061 484 1116 locum,
508 1061 546 1117 qui
565 1066 598 1103 est
613 1060 663 1103 Act.
681 1061 718 1115 ll,
734 1061 762 1116 6.,

71 1146 152 1184 temere
171 1140 215 1183 huc
234 1140 299 1183 trahi.
328 1140 397 1196 Nam,
421 1147 446 1184 ut
461 1141 555 1197 largiar,
579 1155 627 1183 voc.
647 1139 762 1198 περιχώρου
811 1165 817 1170 *

72 1220 99 1263 de
115 1220 188 1277 ampla
206 1220 300 1277 quadam
317 1222 422 1277 regione,
446 1221 473 1264 de
488 1221 574 1277 integra
588 1220 703 1277 provincia
719 1219 764 1262 dici

72 1299 105 1356 (id
121 1300 181 1357 quod
196 1301 286 1358 negavit
300 1300 511 1356 Eichhornius):
535 1310 619 1355 tamen,
636 1300 763 1359 quicunque

70 1381 94 1422 in
108 1380 206 1424 tabulam
221 1380 394 1438 geographicam
409 1380 486 1423 oeulos
502 1380 631 1435 coniecerit,
647 1380 763 1437 intelliget,

69 1459 107 1519 τὴν
130 1463 247 1519 περίχωρον
270 1460 369 1518 Λύστροις
393 1461 431 1506 rai
453 1464 534 1519 Δέρβης
559 1460 597 1503 vix
621 1475 647 1502 ac
671 1475 700 1503 ne
724 1460 763 1503 vix

71 1539 160 1595 quidem
179 1539 289 1583 Galatiam
306 1555 360 1588 ⁴esse
382 1555 456 1597 posse.
488 1540 618 1597 *Apostolus
641 1540 699 1582 enirn
713 1539 763 1582 Ico-

70 1619 107 1670 nio
131 1619 235 1680 expulsus
258 1621 283 1662 in
304 1621 359 1664 haec
384 1619 466 1677 oppida
489 1620 509 1661 h.
526 1636 544 1663 e.
563 1624 665 1664 meridiem
686 1634 763 1663 versus

72 1714 120 1743 sese
146 1700 282 1756 contulerat,
316 1700 405 1744 Galatia
429 1715 481 1744 vcro
509 1703 663 1756 septentrionem
687 1715 763 1743 versus

64 1780 114 1822 sita
130 1785 186 1835 erat,
213 1796 239 1823 ac
253 1781 352 1838 Phrygia
376 1781 490 1823 interiecta
514 1780 656 1837 separabatur
681 1796 694 1822 a
717 1779 764 1837 Ly-

72 1859 155 1901 caonia.
186 1886 213 1890 -
244 1862 275 1903 At
302 1861 392 1919 fuerunt
416 1876 496 1917 nuper,
530 1861 637 1916 quinon
661 1861 684 1901 in
709 1875 765 1915 voce

70 1937 186 1997 περιχώρου
209 1940 248 1983 sed
270 1941 292 1982 in
311 1941 360 1998 ipsa
374 1939 470 1997 Lystrae
496 1945 518 1982 et
542 1939 628 1983 Derbes
653 1940 764 1982 mentione

72 2018 208 2063 Galatiam
229 2021 350 2078 significari
376 2020 534 2068 contenderent
547 2021 583 2077 l³).
622 2018 714 2064 Scilicet
737 2035 765 2062 ex

70 2099 144 2161 Dione
163 2099 242 2144 Cassio
253 2086 282 2157 Η)
303 2101 421 2156 discimus,
443 2101 563 2158 Amyntam
578 2116 654 2157 regern
670 2101 697 2144 ab
716 2100 763 2142 An-

115 2322 149 2372 13)
165 2320 189 2358 V.
205 2326 251 2370 post
266 2320 378 2370 Mynster
396 2320 408 2358 l.
426 2334 442 2358 c.
458 2333 478 2370 p.
496 2322 520 2357 65
537 2333 567 2369 sq.
582 2319 635 2370 inpr.
666 2319 764 2359 Paulus

70 2396 91 2434 in
101 2395 195 2434 Heidelb.
206 2390 317 2433 Jahrbiich.
332 2397 391 2432 1827.
405 2407 425 2445 p.
440 2395 478 2431 636
490 2406 534 2445 sqq.
545 2394 591 2432 add.
601 2394 651 2433 Μ-
662 2392 764 2434 Schmid

53 2479 54 2483 ’
71 2471 95 2509 de
111 2468 198 2517 Galatis,
222 2471 247 2508 ad
268 2482 318 2521 quos
333 2468 356 2508 P.
372 2467 440 2507 literas
459 2469 512 2508 misit
528 2468 631 2509 Nordhus.
648 2472 697 2507 748.
715 2471 763 2508 754.

72 2543 219 2603 2Commentt.
235 2548 254 2583 4.
287 2589 292 2596 ι

115 2666 150 2716 14)
176 2668 214 2713 49,
232 2668 256 2703 32
269 2679 288 2716 p.
300 2668 348 2703 411-
367 2660 471 2708 t’nuuv.
487 2662 557 2709 ταῦτά
568 2682 593 2708 τε
604 2659 672 2716 οὕτως
684 2664 762 2721 ἔπραξε
