1723 3054
327 253 472 294 EXOURSUS
488 253 514 293 n.
725 249 765 293 159

77 360 123 399 freti
140 360 227 399 maxime
242 358 338 398 Chrenici
354 358 463 397 Eusebium
478 358 601 396 auctoritate.
625 355 704 394 Etenim
720 356 732 393 l.
748 369 764 394 c.

78 435 125 473 dicit
135 433 219 482 Paulus⁷
235 448 256 473 se
270 431 308 490 πρὸ
326 434 377 477 ἐτῶν
393 430 555 488 δεκατεσσάρων
571 437 649 482 raptum
665 443 707 470 esse
724 425 765 482 ἓωζ

75 509 149 565 ..τρίτου
172 506 259 565 οὐρανοὺ
282 507 320 551 καὶ
341 508 371 558 εἰς
390 504 425 550 τὸν
446 503 577 562 παράδεισον.
609 505 660 553 tam,
681 507 698 544 si
717 508 765 545 haec
787 523 790 526 ·

69 580 216 638 ’ἀποκάλυψις
238 584 306 622 eadem
329 588 369 630 est,
394 595 444 633 quae
463 581 525 619 Paulo
549 581 569 618 in
588 581 659 618 itinere
679 581 764 620 damasc.

79 658 171 709 contigit,
197 664 218 696 ut
242 671 307 709 nuper
332 657 399 696 statuit
424 657 485 695 etiam
512 644 701 706 Emmerlingius
726 656 764 708 ⁸⁴),

80 739 153 783 sponte
176 732 303 784 intelligitur,
327 731 384 769 Pauli
409 730 567 769 conversionem
582 730 633 767 inter
651 737 670 767 et
687 732 765 769 tertium

80 807 117 844 iter
133 807 238 854 hierosol,
254 807 308 857 quod
324 806 383 857 longe
399 812 444 843 ante
459 805 522 855 ipsius
537 805 557 842 in
574 805 693 842 Macedonia
709 806 767 855 (inde

80 881 131 919 enim
149 882 223 931 scripta
238 887 268 919 est
283 883 300 918 2.
319 881 344 917 ad
364 878 410 918 Cor.
427 879 523 929 epistola}
541 879 718 917 commorationem
734 894 767 918 ac-

81 956 137 1002 cidit,
158 967 198 993 non
214 956 303 1005 potuisse
319 954 477 1005 quattuordecim
499 966 563 991 anuos
581 953 697 992 interiectus
717 967 767 993 esse.

81 1030 156 1068 Verum
179 1030 196 1068 si
218 1025 327 1085 τεσσάρων
349 1028 411 1080 legis,
433 1028 509 1079 poteris
531 1028 563 1065 vel
586 1042 630 1066 cum
652 1028 738 1067 Keilio
757 1043 770 1068 a

81 1105 146 1155 prima
171 1112 242 1155 usque'
255 1087 279 1141 ad
302 1102 485 1142 secundam-Pauli
506 1096 653 1153 profectionem
674 1104 704 1141 vel
724 1118 769 1142 cum

82 1177 258 1229 Emmerlingio
286 1192 297 1215 a
319 1179 385 1228 prima
407 1189 471 1228 usque
494 1178 519 1214 ad
541 1178 619 1214 tertiam
641 1179 768 1227 probabilem

82 1254 250 1304 computationem
266 1253 374 1290 instituere.
398 1251 449 1289 Nam
465 1252 482 1290 si
492 1250 575 1289 Paulum
592 1265 609 1289 a
622 1254 654 1289 38.
671 1254 695 1290 ad
711 1265 769 1291 sacra

83 1328 192 1366 christiana
207 1328 315 1366 accessisse
327 1327 406 1373 sumis,
425 1327 511 1376 primum
532 1326 574 1364 eius
591 1327 629 1364 iter
648 1327 721 1367 hieros.
740 1328 769 1365 in-

84 1403 132 1441 cidit
146 1403 167 1440 in
184 1406 217 1440 to.
233 1402 264 1441 vel
277 1406 308 1440 ol.
320 1415 359 1440 aer.
370 1401 407 1449 D.‚
424 1402 532 1440 secundum
548 1401 569 1439 in
585 1404 617 1439 44,
634 1402 666 1439 vel
682 1404 715 1440 45.
732 1416 770 1451 an,

32 1512 36 1516 .
84 1478 163 1516 tertium
178 1478 198 1514 in
215 1480 248 1515 48.
270 1477 300 1515 vel
320 1480 352 1514 49.
372 1490 413 1523 an,
437 1475 522 1526 epistola
545 1489 593 1513 vero
612 1476 641 1535 ’ad
664 1474 710 1515 Cor.
733 1490 770 1528 po-

84 1552 157 1590 sterior
171 1547 246 1602 scripta
262 1564 305 1590 esse
321 1552 418 1588 videbitur
428 1563 458 1588 au.
471 1553 503 1588 52.
515 1550 547 1588 vel
559 1553 602 1598 53..
617 1551 637 1588 id
654 1552 707 1601 quod
723 1552 772 1590 ferri

87 1627 236 1677 quodammodo
252 1632 317 1675 potest
328 1625 362 1673 ⁸5Jt.
385 1626 421 1663 -At
436 1637 473 1662 nos
489 1632 541 1663 certe
558 1620 722 1675 nonpossumus
738 1627 772 1664 ad·

86 1702 143 1747 duci,
160 1705 181 1738 ut
192 1706 279 1751 propter
295 1714 329 1746 ea,
345 1712 395 1750 quae
412 1702 422 1736 2
440 1697 487 1738 Cor.
506 1702 536 1737 ta.
553 1700 656 1750 leguntur,
672 1701 772 1752 antiquam

86 1782 105 1813 et
120 1777 144 1813 ab
160 1775 251 1813 omnibus
267 1780 356 1813 testatam
372 1774 412 1812 loci
428 1772 474 1812 Gal.
492 1776 513 1820 2,
533 1777 549 1811 l.
565 1775 682 1824 scripturam
698 1776 772 1814 sollici-

85 1856 158 1896 temus;
181 1862 226 1886 num
245 1846 289 1887 Cor⁴
309 1848 321 1885 t.
342 1861 358 1886 e.
378 1849 479 1897 ἔκστασις
497 1849 560 1899 magis
580 1861 638 1899 quarn
658 1848 721 1887 visum
741 1856 777 1901 tut

87 1927 130 1962 Act.
143 1924 172 1973 a]
189 1928 290 1969 narratur.
307 1929 360 1961 certe
371 1922 420 1960 nihil
431 1935 509 1969 eorum,
526 1935 576 1973 quae
591 1924 668 1974 primae
684 1925 773 1974 apostoli

87 1994 224 2052 ἀποκαλύψει
245 1998 329 2047 propria
351 2003 416 2044 erant⁷
439 1998 532 2048 tangitur.
563 1998 656 2045 Accedit,
680 2004 773 2049 quattuor

87 2080 120 2111 aut
145 2072 232 2123 quinque
257 2085 321 2111 annos
346 2072 380 2109 vix
404 2072 495 2110 sufficere
518 2073 597 2111 duobus
619 2073 773 2124 posterioribus

88 2161 137 2199 quae
153 2147 227 2185 Paulus
242 2146 262 2184 in
279 2147 347 2184 Asiam
363 2153 382 2184 et
397 2145 503 2184 Graeciam
519 2149 615 2197 suscepit,
631 2148 742 2186 itineribus.

144 2232 223 2270 Novam
243 2245 325 2282 prorsus
344 2245 427 2282 eamque
446 2233 493 2272 satis
512 2234 636 2284 ingeniosam
659 2235 695 2272 hac
719 2237 774 2273 omni

88 2309 112 2347 de
127 2321 148 2345 re
164 2308 279 2346 sententiam
295 2320 358 2357 nuper
369 2307 536 2358 proposuitVen.
551 2307 664 2348 Tlreilius
675 2308 713 2359 56)‚
730 2321 773 2348 eum

135 2504 163 2546 84)
175 2504 231 2546 Epist.
244 2503 267 2535 ad
279 2502 318 2535 Cor.
331 2507 395 2545 poster.
411 2515 427 2545 p.
440 2486 475 2535 XV
487 2513 524 2545 sqq.

134 2573 162 2614 85)
175 2573 293 2605 Lorenzius
308 2574 360 2604 etiarn
377 2582 387 2604 a
403 2574 454 2604 tertio
470 2572 521 2604 Pauli
533 2573 596 2606 itinere
609 2573 672 2608 hieros.
685 2585 739 2615 usque
752 2575 774 2607 ad

88 2620 156 2672 tempus
165 2631 240 2673 scriptae
248 2630 349 2671 posterioris
358 2629 380 2660 ad
388 2628 427 2661 Cor.
437 2630 522 2671 epistolae
536 2633 608 2674 qzeinqnt
620 2641 676 2664 annos
689 2631 774 2664 effluxisse

89 2688 179 2719 contendit
191 2688 203 2719 l.
217 2698 231 2719 e.
244 2698 261 2729 p.
274 2688 301 2719 to.

136 2756 164 2798 86)
177 2766 194 2788 n.
207 2757 248 2788 lnit.
261 2756 323 2789 Jouru.
335 2755 383 2788 VIII.
395 2767 411 2798 p.
426 2756 459 2789 169
471 2767 508 2799 sqq.
