1723 3054
82 233 111 277 rt
211 229 213 231 ’
259 212 426 273 audouario
442 230 623 273 rupturum

142 338 166 378 V.
183 340 201 375 2.
231 337 264 376 Ad
286 338 368 386 summi,
392 338 445 390 qnod
466 337 505 389 ipsi
522 338 544 377 in
562 337 633 377 animis
652 337 771 385 sentiebant,

84 413 174 453 beneficii
189 412 331 465 cogitationem
346 419 429 452 revocat
439 412 526 452 Galatas,
551 414 636 469 πνεῦμα
653 414 704 452 euim
719 413 770 464 sign.

84 501 161 526 omnem
176 487 255 526 illarum
271 489 353 535 virium,
372 488 499 535 facultatum,
519 489 625 536 virtutum,
642 501 693 539 quae
708 487 772 526 homi-

83 562 141 599 uibus
156 561 267 612 perfidem
283 562 350 600 christ.
362 561 455 600 divinitus
471 561 590 614 contingunt
604 565 715 613 eorumque
730 561 772 599 ani·

84 637 164 676 mos'in
179 637 250 677 melius
266 643 396 687 convertunt,
412 637 505 677 ambitum
517 637 560 691 vel,
575 642 597 676 ut
611 625 684 677 rectius
700 637 771 685 dicam,
832 649 835 651 ·

83 711 160 751 fontem
176 717 196 750 et
204 712 337 763 principium,
355 713 387 752 die
401 727 453 752 neue
468 726 504 753 aus
520 714 565 752 dem
573 711 666 751 Glauhen
681 713 771 762 geborne

84 784 211 824 Grundkraft
233 788 268 824 des
291 786 366 825 christl.
386 785 490 825 Gemiiths.
520 787 544 824 Id
563 771 621 837 quam
639 786 679 824 late
696 790 770 836 pateat,

83 858 170 898 dilucide
195 860 318 911 explicatum
343 866 373 900 est
395 874 407 899 a
429 860 531 912 Koppio
555 860 606 900 Exc.
628 859 653 898 V.
669 854 702 898 'ad
724 857 770 899 Gal.
822 892 825 896 .

82 948 103 985 p.
122 938 161 973 120
172 948 201 987 sq.
228 934 339 975 Commode
354 950 404 975 vero
420 937 458 977 sihi
472 936 559 976 invicem
575 942 703 987 opponuntur
719 936 771 991 ἔργα

35 998 37 1000 .
84 1015 104 1047 et
120 1006 187 1066 ἀκοή,
202 1007 268 1063 νόμος
283 1018 302 1049 et
316 1011 392 1062 πίστις.

140 1083 165 1122 V.
182 1084 200 1120 3.
231 1081 298 1134 οὕτως
316 1090 433 1135 tantopere,
455 1086 536 1127 adeone.
555 1085 580 1123 cf.
596 1084 674 1137 Jacob
689 1085 715 1121 ad
729 1083 770 1121 Lu-

86 1159 136 1196 cian.
147 1158 206 1197 Alex.
216 1172 237 1209 p.
249 1162 281 1197 28.
290 1182 318 1188 -
327 1159 395 1215 ἐναρξ.
407 1185 415 1189 -
427 1185 434 1190 -
445 1185 453 1190 -
465 1161 541 1203 ἐπιτελ.
552 1160 565 1198 i·
576 1173 592 1198 e·
604 1159 669 1210 simpl·
685 1172 697 1197 a
711 1154 771 1202 ured-

85 1249 137 1286 ματι
152 1235 176 1272 ad
193 1230 266 1289 σάρκα
281 1234 396 1278 delebimini
410 1241 432 1273 ut
446 1237 467 1273 in
482 1236 521 1274 hac
536 1235 679 1286 acquiescatis?
699 1230 771 1288 colpam
811 1216 817 1220 a

86 1308 133 1345 dicit
148 1309 206 1346 istam
222 1308 394 1358 superstitionem,
414 1322 466 1359 quae
483 1310 505 1347 in
519 1310 579 1348 rebus
595 1307 684 1347 externis
700 1308 770 1358 (quale
842 1315 849 1329 ‘¹

84 1387 114 1421 est
128 1382 178 1434 legis
193 1382 233 1420 iud.
251 1381 382 1434 obsequium)
397 1396 464 1422 veram
479 1384 559 1435 pietatis
577 1388 668 1421 naturam
684 1382 770 1434 quaerit3
802 1434 809 1441 κ

83 1473 114 1500 po.
129 1457 189 1509 igitur
205 1463 235 1496 est
249 1457 328 1496 indoles
343 1470 421 1507 eorum,
437 1460 471 1510 qui
485 1465 549 1500 latente
565 1459 622 1497 deum
639 1458 705 1497 colere
721 1458 771 1496 didi-

83 1537 159 1570 cerunt.
176 1532 229 1574 ἐπιτ.
245 1537 275 1571 est
289 1533 340 1571 med.
358 1534 408 1583 (uon
422 1534 508 1583 passim,
524 1540 546 1571 nt
560 1533 608 1572 satis
623 1538 693 1583 argute
708 1516 782 1571 statu-¹

84 1611 122 1645 unt
138 1605 229 1657 plerique
248 1611 294 1645 vett.
313 1606 419 1658 interpr),
443 1607 497 1658 quod
512 1612 533 1645 et
547 1604 615 1658 ipsum
631 1606 677 1656 (sed
692 1606 770 1644 adiecto

84 1681 199 1721 accusativo
215 1681 256 1733 rei)
272 1681 345 1733 legitur
360 1681 455 1733 Xenoph.
464 1681 525 1732 Apol.
535 1683 568 1720 33.
583 1680 644 1720 Diod.
656 1679 696 1721 Sic.
708 1682 727 1730 3,
737 1683 770 1719 57.

87 1760 119 1804 12,
136 1760 169 1794 54.
185 1755 257 1807 Polyb.
274 1759 293 1804 2,
310 1759 344 1804 58,
362 1760 387 1795 10
403 1757 439 1804 al.;
461 1757 482 1795 h.
492 1757 510 1811 l.
525 1757 553 1795 ita
569 1757 607 1795 dio.
622 1762 645 1794 ut
659 1757 684 1795 sit
699 1770 717 1807 q.
733 1757 772 1797 obt

82 1832 141 1884 finire
155 1831 175 1867 h.
192 1844 208 1868 e.
224 1844 293 1869 curam
308 1843 374 1878 suam,
392 1831 459 1870 studia
473 1843 510 1869 sua
524 1832 591 1879 finire,
607 1831 712 1869 absolvere
728 1832 771 1881 (bei

83 1906 126 1945 sich
142 1905 296 1956 abschliessen).
367 1918 371 1920 ·
616 1906 618 1908 ’

140 1977 201 2021 Vsa.
225 1981 272 2037 εἰκῆ
288 1981 332 2020 siue
346 1980 423 2030 huctu,
439 1986 514 2020 temere
529 1985 549 2030 4,
568 1984 599 2019 11,
621 1978 770 2029 1001.15,2.

83 2053 146 2111 πάσχ.
162 2055 253 2105 plerique
268 2056 351 2105 interpr.
367 2056 422 2106 expl.
438 2057 463 2094 de
478 2056 624 2095 calamitatibus
640 2060 659 2092 et
668 2055 770 2106 periculis,

83 2143 133 2182 quae
152 2130 202 2181 ipsis
221 2131 326 2169 subeunda
340 2129 420 2168 fuerant
433 2134 517 2181 propter
531 2129 568 2168 rel.
585 2129 652 2168 christ.
667 2128 771 2181 v.„(lhry-

82 2212 144 2246 sost.
161 2206 314 2244 Theodoret.
331 2203 431 2244 Oecum.
447 2203 543 2243 Galvin.
558 2204 649 2243 Piscat.
666 2203 770 2243 Cramer.

83 2282 187 2320 Semler.
202 2281 268 2318 Mor.
284 2286 331 2327 eet,
354 2293 392 2319 neo
409 2280 456 2318 huic
473 2280 634 2332 interpretationi
652 2281 702 2318 nihil
718 2294 772 2319 com·

83 2355 217 2394 mendationis
237 2356 282 2410 inde
302 2354 388 2403 accedit,
414 2355 468 2406 quod
486 2350 575 2411 πάσχειν
594 2355 615 2392 in
633 2353 659 2392 N.
674 2355 698 2393 T.
714 2368 772 2394 suam
818 2356 823 2362 “

84 2431 141 2481 quasi
159 2430 227 2469 sedem
245 2430 306 2468 habet
324 2430 345 2467 in
365 2429 484 2468 denotandis
502 2429 606 2484 suppliciis
622 2434 642 2466 et
656 2429 772 2467 calamitati-

35 2532 41 2535 -
84 2506 130 2553 bns3
153 2506 189 2543 sed
207 2518 252 2544 cum
268 2505 323 2544 etin
338 2504 459 2555 superiorib.
476 2506 505 2555 (v.
522 2508 541 2542 2.
555 2500 579 2546 τὸ
597 2503 682 2557 πνεῦμα
700 2500 771 2557 ἐλάβ.)

82 2581 137 2619 etin
153 2592 208 2629 seqq.
225 2581 255 2627 (v.
272 2584 291 2618 5.
308 2580 385 2635 ἐπιχορ.
402 2575 450 2633 ὑμῖν
465 2575 490 2629 τὸ
505 2594 537 2621 aa·
554 2576 592 2621 καὶ
607 2578 671 2633 ἐνεργ.
688 2575 770 2635 ὃυνάμ.)

84 2655 179 2710 herrestein
195 2653 329 2702 celebrentur,
345 2650 381 2704 p‘er
392 2652 493 2693 Christum
507 2653 529 2692 in
545 2651 628 2691 Galatas
644 2652 718 2703 delata,
734 2667 771 2692 nec

70 2714 189 2780 ‘probabile
204 2728 230 2768 sit
246 2727 324 2768 Galatis
339 2729 379 2767 iam
394 2733 435 2768 tum
454 2742 497 2767 rem
517 2727 643 2768 christianam
662 2730 772 2771 multarum,
