1723 3054
107 222 148 266 131
282 218 449 259 ANNOTATIO
465 219 620 258 PERPETUA.

109 323 192 380 epistolii
208 321 336 380 (γράμματα
352 326 396 362 Act.
409 327 443 370 28,
460 326 492 360 21.
507 323 559 362 Xen.
576 324 628 362 Heli
643 328 689 372 1,1.
704 328 734 362 15.
751 324 797 362 Plu-

108 401 162 438 tarch
185 398 256 450 Pyrrh.
272 413 291 450 p.
310 399 356 436 386.
376 397 448 449 Polyb.
461 400 494 446 28,
508 401 539 436 11.
555 399 590 450 al.)
605 399 661 440 cobis
676 400 797 452 scripserim.

107 473 147 513 Sed
162 475 190 512 ita
205 480 270 512 tamen
286 479 392 523 exspectes
406 472 475 525 potius
490 472 571 528 πηλίκοΙ
587 470 709 529 γράμματα
720 473 761 522 vel,
776 480 798 511 ut

107 550 161 600 apud
181 547 265 587 Paulum
289 561 369 598 semper
391 548 475 598 legitur,
499 546 589 604 πηλίκην
613 544 729 604 ἐπιστολήν,
759 547 798 586 Illa
837 558 843 563 ⁴

107 630 184 671 antem,
206 636 264 674 (luam
281 621 384 661 Grotius
400 621 472 669 suasit,
489 622 607 672 explicatio,
624 635 667 660 cum
684 636 696 660 a
711 623 797 660 vocabu-

108 700 174 739 lorum
197 698 332 749 permixtione
354 697 455 748 proficisci
477 696 558 744 debeat,
581 696 640 748 (quae
663 710 689 735 an
709 697 730 735 in
752 708 796 735 voc.

109 775 198 830 πηλίκος
215 773 284 820 cadat,
300 773 418 822 incertum,)
434 770 502 821 paullo
515 771 614 830 difficilior
625 772 708 810 videtur.
733 770 810 831 Chry·-

108 854 166 887 sost:
176 847 272 890 tectae
281 842 340 889 οὐδὲν
352 842 403 889 ἄλλο
415 845 532 888 αἰνίττεται
543 841 587 888 ἀλλ’
597 841 630 888 ’ότι
642 842 706 895 αὐτὸς
717 846 798 901 ἔγραψε

108 920 146 979 τὴν
164 918 275 978 ἐπιστολὴν
292 917 390 973 irritet,
405 917 417 962 ‘t
432 921 511 977 πολλῆς
521 917 660 977 γιιησιότητος
670 925 756 977 σημεῖον
766 919 797 976 ην.

104 994 159 1040 Ἐπὶ
176 996 212 1051 μὲν
229 993 270 1052 γὰρ
285 997 326 1038 τῶν
342 993 410 1038 ἄλλων
430 990 547 1053 ὑπηγόρευε
566 994 603 1051 μὲν
623 992 697 1047 circe,
717 996 798 1050 ἔγραψε

110 1071 133 1115 δὲ
153 1071 224 1127 ἕτερος
241 1074 272 1113 τλ.
303 1069 413 1121 Singularis
436 1076 466 1109 est
484 1069 580 1120 Pelagii
599 1070 747 1121 interpretatio:
769 1069 799 1107 in-

110 1146 192 1198 telligite
214 1146 267 1197 qnod
287 1137 328 1183 non
347 1145 438 1192 timeam,
462 1144 495 1196 qui
514 1144 583 1184 literas
601 1157 660 1183 manu
677 1158 721 1183 mea
736 1157 798 1195 nuper

110 1220 187 1271 scripsiv

167 1296 193 1334 V.
212 1298 242 1332 12.
260 1291 306 1337 iicet
322 1299 429 1348 quotquot,
446 1295 488 1333 sive
504 1295 560 1332 multi
575 1294 618 1333 sive
633 1295 691 1345 pauci
706 1295 743 1334 sed
758 1308 813 1333 oms

111 1383 146 1408 nes
165 1370 185 1407 id
203 1382 266 1421 genus
285 1369 387 1416 homines,
411 1381 448 1419 pro
468 1381 490 1407 se
509 1370 592 1419 quisque
608 1370 647 1407 hoc
662 1371 712 1421 agit,
728 1375 749 1408 ut
764 1378 800 1408 cet.

110 1445 170 1483 Acuit
185 1444 304 1483 sententiam
320 1443 470 1493 superadditum
482 1435 539 1485 eieci
551 1444 575 1481 cf.
586 1442 645 1481 Rom.
658 1446 677 1491 8,
692 1447 724 1484 14.
739 1444 800 1483 Verb.

112 1515 252 1574 εὗπροςιοιτεῖν
263 1519 298 1556 vix
314 1518 402 1568 reperias
418 1531 449 1569 ap.
466 1530 550 1569 graecos
565 1518 685 1569 scriptores,
701 1519 736 1557 sed
752 1531 799 1557 con-

112 1594 185 1632 similia
205 1599 270 1631 tamen
290 1598 337 1630 sunt
357 1598 537 1646 ὀεμιιοπροςωπεῐν
557 1593 659 1642 Aristoph.
679 1591 732 1631 Nub.
753 1596 800 1632 363.

113 1673 133 1705 et
149 1672 327 1723 φαινοπροςωπεῖι
349 1665 390 1704 Cic
406 1668 446 1704 Att.
464 1669 483 1714 7,
500 1669 533 1704 20.
564 1666 603 1704 Hic
623 1667 707 1706 consilio
727 1667 801 1706 lectum

112 1743 192 1780 videtur
203 1742 356 1780 accommodate
366 1742 392 1779 ad
404 1741 424 1782 εἰ)
436 1741 509 1797 σαρκί,
525 1742 579 1791 quod
595 1742 694 1792 sequitur,
708 1742 730 1779 in
741 1755 801 1781 carne

113 1816 165 1855 enim
182 1816 242 1867 vulgo
254 1820 358 1855 venustam
369 1816 466 1866 speciem,
483 1828 522 1866 qua
537 1828 558 1854 se
575 1817 724 1864 commendent,
741 1830 800 1867 quae·

112 1896 164 1929 runt.
181 1914 207 1919 —
225 1891 245 1933 εἰι
265 1905 325 1946 cupii.
344 1903 385 1928 non
405 1886 509 1929 caecini
523 1891 605 1938 «indole,
624 1904 673 1941 quae
689 1904 701 1929 a
715 1891 752 1934 τοῦ
768 1907 800 1934 an.

112 1966 255 2016 proficiscitur,
271 1966 306 2004 sed
317 1972 401 2004 externa
411 1966 479 2017 specie
489 1978 512 2004 ac
523 1966 589 2017 figura
600 1966 631 2016 (ut
642 1966 801 2015 circumcisione,

114 2054 164 2092 qnae
181 2041 201 2083 ἐν
216 2041 244 2097 τῇ
261 2053 278 2081 o.
294 2040 395 2090 perficitur
410 2054 429 2079 v.
448 2042 478 2080 13.
501 2040 525 2079 cf.
541 2039 599 2079 Rom.
617 2043 640 2087 2,
657 2042 709 2091 23.)
725 2064 750 2070 -
766 2040 802 2084 ἰἰια

114 2112 143 2171 μὴ
168 2129 239 2170 occup.
260 2117 313 2157 διωγ,
338 2128 364 2153 ne
382 2115 489 2165 participes
506 2115 555 2153 fiant
573 2116 637 2154 crucis
656 2115 802 2166 suppliciorum

113 2188 187 2229 Christi
202 2191 221 2227 h.
237 2203 253 2228 e.
270 2190 337 2241 qualia
356 2187 401 2227 Chr.
421 2202 485 2240 nuper
504 2190 568 2229 subiit.
599 2188 661 2228 Simil.
677 2187 802 2246 ταληματοι

113 2265 203 2319 Χριστοῦ
224 2268 234 2301 2
252 2262 298 2302 Cor.
318 2267 338 2311 1,
355 2266 383 2312 5.,
406 2263 493 2319 itiitere
511 2265 548 2308 τοῦ
564 2264 654 2320 Χριστοῦ
670 2263 714 2304 001-
732 2268 752 2313 1,
769 2268 801 2304 24.

112 2339 144 2377 Ita
165 2339 290 2390 interpretati
315 2345 361 2378 sunt
383 2338 468 2378 Hieron.
490 2339 623 2395 Lutherus,
646 2337 799 2390 (Calvinus)

114 2410 249 2461 Semlerus,
265 2412 396 2452 Michaelis
413 2418 448 2451 cet.
472 2397 522 2461 Alii,
538 2414 675 2461 utErasm.,
687 2413 801 2453 Piscator

114 2492 134 2524 et
156 2485 289 2526 calixtus:
311 2492 397 2542 propter
416 2500 493 2529 cracem
514 2489 588 2529 carici
608 2489 632 2526 lu·
646 2502 662 2527 e.
681 2493 702 2526 ut
717 2489 751 2539 qui
766 2489 802 2526 do·

114 2567 183 2609 ceant,
203 2567 266 2599 morte
285 2559 331 2599 Chr.
352 2562 449 2600 sublatam
469 2574 512 2600 esse
528 2575 608 2601 omnem
622 2562 673 2614 legis
689 2575 740 2602 mos
755 2577 802 2602 auc-

113 2636 212 2674 toritatem
229 2634 254 2673 cf.
271 2638 290 2682 5,
309 2639 339 2673 11.
369 2635 419 2674 Earn
435 2641 500 2674 antem
517 2638 557 2675 vim
572 2637 592 2674 in
609 2638 675 2675 dativo
691 2637 766 2686 inesse,
782 2644 803 2676 ut

114 2722 208 2752 cccsscm
223 2709 322 2763 significet
337 2710 364 2759 (v.
375 2708 477 2750 Schifer
493 2711 519 2751 ad
530 2711 592 2750 Dion.
608 2725 627 2763 p.
639 2712 686 2751 436.
702 2713 727 2752 cf.
738 2712 801 2755 Thuc.
