1723 3054
107 227 148 272 170
353 231 497 272 EXCURSUS
512 234 548 271 ΙΙΙ,

104 333 120 372 si
137 334 167 372 vel
184 327 232 382 hoo,
252 343 316 373 tamen
333 332 454 380 ὃνατοῖσοειν
471 350 510 375 non
527 342 558 376 est
573 339 665 389 laudere,
682 337 735 388 quod
752 337 795 389 qui-

104 409 148 446 dem
167 411 249 447 verbum
268 410 362 460 posceret
378 410 408 461 εἰς
423 416 484 467 χεῖμα
500 427 520 466 μ.
537 434 564 439 -
580 412 671 467 Denique
689 426 730 450 non
750 426 794 462 per-

104 484 166 523 suasit
176 484 224 522 mihi
235 482 324 531 Sohun,
342 485 467 536 disciplinam
483 487 580 525 iudaicam
597 487 622 525 ab
634 487 715 538 'angelis
731 487 794 537 repeti

103 559 124 596 in
139 559 201 598 literis
217 559 279 598 saeris
295 565 329 598 aut
343 561 448 599 Israelitas
463 561 563 600 subiectos
581 562 642 600 fuisse
658 562 740 613 angelis.
771 561 794 599 In

104 633 127 670 V,
151 640 203 672 oei-te
226 634 280 673 Test.
303 635 360 674 libris
384 636 451 673 onmia
473 637 574 682 instituta,
600 636 704 687 omnisque
730 636 795 674 cultus

103 721 161 747 sacer
176 709 201 747 acl
216 707 280 747 Deum
297 709 392 748 refertur:
408 711 491 749 sabbata
507 711 527 748 in
544 712 643 749 honorem
659 710 735 758 Jovae,
752 720 810 749 nontt

103 783 221 835 angelorum
239 784 339 822 celebrare
354 785 448 823 iubentur
461 785 575 833 Israelitae,
591 787 667 835 paseha
683 785 794 835 appellatur

104 859 139 899 Det
153 858 228 907 (Exod.
243 862 275 905 12,
289 861 340 909 ll),
356 859 447 897 victimae
464 859 576 898 offeruntur
591 860 659 898 ‹lovae
674 866 710 897 eet.
734 859 795 898 Unde
815 849 818 860 Ἰ

103 932 163 985 igitur
178 934 228 971 haee
243 933 291 972 talia
306 934 377 973 sumsit
387 932 479 973 Sohm:
495 934 583 981 „laetum
600 941 639 981 est,
655 941 676 972 ut
690 934 794 973 israelitae

103 1008 180 1060 angelis
196 1021 259 1059 aeque
275 1022 298 1047 ao
314 1009 366 1047 Mosi
384 1009 530 1047 subiicerentur
549 1016 568 1047 et
588 1010 612 1047 ad
633 1009 711 1047 externi
731 1009 794 1047 cultus

102 1084 220 1136 religionem
236 1083 281 1134 ipso
297 1082 342 1121 Deo
359 1083 440 1121 volente
455 1084 478 1122 iis
495 1083 595 1135 (angelis)
614 1083 794 1135 obstringerentur,

103 1159 130 1196 ita
151 1165 170 1196 ut
190 1158 274 1197 sabbata
294 1164 313 1196 et
332 1157 445 1205 novilunia,
468 1158 580 1196 lavationes
604 1163 623 1196 et
646 1163 711 1197 certos
732 1158 794 1196 saeri-

61 1271 63 1274 ,
103 1234 194 1272 liciorum
213 1232 262 1271 ritus
282 1233 391 1272 observare
410 1233 518 1271 deberent?
542 1233 594 1271 unde
617 1233 656 1272 hou
678 1239 716 1280 est,
740 1232 794 1283 quod

104 1308 162 1355 dicit,
186 1307 251 1345 Deum
274 1306 358 1358 angelos
379 1307 437 1346 huius
456 1307 526 1345 mundi
541 1309 633 1357 {rectores
655 1306 794 1345 constituisse?

103 1382 203 1422 Nimirum
223 1395 248 1419 ex
268 1380 294 1419 N.
314 1381 337 1420 T.
358 1382 406 1420 haee
427 1382 566 1420 demonstrare
586 1387 668 1420 conatus
689 1388 723 1420 est¹
754 1379 795 1420 Sed

104 1471 155 1510 quos
171 1457 235 1495 attulit
253 1470 284 1506 op.
300 1457 325 1495 ad
342 1454 388 1494 Gal.
403 1456 462 1494 looos
478 1457 511 1506 (3,
528 1459 560 1494 24.
581 1460 601 1503 4,
618 1458 659 1507 8.),
678 1457 698 1493 in
714 1456 745 1494 his
760 1456 806 1500 vix,

104 1534 219 1585 quisquam,
240 1532 278 1570 nisi
297 1532 335 1571 ista
356 1531 451 1582 opinione
467 1537 639 1581 praeoccupatus,
660 1530 708 1568 talia
723 1531 794 1580 depre-

103 1608 182 1647 hendet.
212 1606 283 1657 Itaque
299 1603 467 1644 omnia³redeunt
482 1606 507 1644 ad
522 1606 580 1644 locos
596 1604 639 1643 Col.
658 1608 680 1651 t,
699 1607 795 1642 14-«19.

103 1689 121 1721 et
136 1682 197 1721 Hebr.
210 1685 231 1729 t,
244 1684 261 1720 5.
285 1680 311 1718 Et
325 1681 347 1718 in
363 1681 402 1718 hoo
418 1680 497 1731 quidem
513 1680 627 1731 posteriore
643 1679 704 1718 verba
720 1674 795 1732 οὐγὰρ

102 1753 195 1808 ὑπέταξε
211 1753 250 1812 τὴν
267 1755 393 1810 οἰκουμένην
410 1751 448 1810 τὴν
466 1755 595 1807 μέλλουσαν,
611 1754 711 1804 respicere
726 1753 794 1791 viden-

104 1839 136 1870 tur
151 1833 176 1869 acl
192 1844 226 1878 ea,
243 1843 294 1881 quae
313 1833 379 1876 1‚14,
397 1830 421 1867 de
436 1826 542 1884 πνεύμασι
558 1831 710 1883 λειτουρμμοῖς
726 1827 795 1879 legun-

103 1914 146 1954 tur,
161 1920 199 1945 neo
215 1910 246 1944 est
261 1905 315 1954 quod
330 1904 351 1941 in
367 1905 429 1943 verbo
445 1899 584 1954 ὑποτάσσειν,
607 1908 700 1953 quantum
721 1902 746 1939 ad
761 1915 796 1940 an·

103 1983 161 2034 gelos
177 1981 273 2031 pertinet,
290 1979 370 2017 nimiam
386 1979 426 2016 vim
443 1991 533 2029 quaeras.
564 1978 596 2016 De
612 1977 636 2015 iis
651 1983 731 2024 autem,'
744 1989 796 2028 quae
858 2019 860 2022 ¹

102 2056 146 2096 Col.
163 2059 181 2094 2.
198 2060 339 2105 exponuntur,
360 2054 399 2091 iam
416 2053 489 2091 dietum
505 2059 536 2091 est
550 2065 613 2103 supra
627 2065 672 2103 pag.
688 2054 725 2089 146
756 2051 796 2089 Po*-

102 2140 176 2172 stremo
193 2142 234 2168 non
250 2141 333 2179 possum
350 2140 391 2166 non
407 2128 486 2174 mirari,
506 2125 697 2165 Sohmiederum
713 2126 733 2163 in
750 2125 796 2164 looo

104 2211 112 2245 l
130 2205 177 2245 Gor.
194 2208 213 2251 8,
230 2207 248 2242 5.
267 2206 283 2240 fi.
301 2202 423 2253 explicando
440 2215 483 2239 ouni
500 2200 604 2239 Clerioo
621 2201 692 2239 faeere.
717 2201 814 2240 lnanem*

101 2295 146 2321 esse
162 2278 285 2330 tautologiae
301 2283 386 2323 metum,
403 2288 443 2327 quo
458 2276 573 2326 perculsum
594 2289 615 2314 so
634 2275 697 2313 sensit
717 2273 797 2312 Cleri-

102 2370 154 2403 eus,
175 2353 263 2393 ostendit
280 2366 344 2402 nuper
364 2351 465 2397 Pottus,
486 2364 523 2389 nec
538 2347 648 2405 λεγόμενοι
662 2347 796 2399 ‘teat-ant

102 2432 143 2487 τῆς
158 2430 198 2486 γῆς
213 2434 308 2479 possunt,
325 2427 363 2464 nisi
380 2431 484 2473 contorte,
500 2426 593 2464 homines
610 2425 656 2463 diei.

157 2504 208 2542 Vens
220 2500 471 2541 Schleiermaoherus
488 2506 570 2538 auctore
581 2499 683 2538 Usterio
694 2499 721 2549 θῇ)
737 2511 755 2536 v.
766 2501 798 2537 20.

101 2581 156 2619 huno
172 2589 253 2618 sensum
274 2589 318 2616 esse
338 2576 416 2615 statuit:
436 2575 488 2623 „ubi
508 2575 529 2617 ἐν
550 2572 604 2630 χειρὶ
624 2572 711 2627 μεσίτου
730 2572 798 2624 aliqua

155 2738 183 2779 96)
196 2736 252 2770 Paull.
265 2735 359 2778 Lehrbegr.
372 2746 389 2778 p.
402 2735 424 2767 86
437 2745 462 2776 sq.
