<?xml version="1.0" encoding="UTF-8"?>
<!DOCTYPE html PUBLIC "-//W3C//DTD XHTML 1.0 Transitional//EN"
    "http://www.w3.org/TR/xhtml1/DTD/xhtml1-transitional.dtd">
<html xmlns="http://www.w3.org/1999/xhtml" xml:lang="en" lang="en">
 <head>
  <title>
</title>
<meta http-equiv="Content-Type" content="text/html;charset=utf-8" />
  <meta name='ocr-system' content='tesseract 3.04.00' />
  <meta name='ocr-capabilities' content='ocr_page ocr_carea ocr_par ocr_line ocrx_word'/>
</head>
<body>
  <div class='ocr_page' id='page_1' title='image "MN41966ucmf_4_0182.png"; bbox 0 0 1723 3054; ppageno 0'>
   <div class='ocr_carea' id='block_1_1' title="bbox 84 237 520 284">
    <p class='ocr_par' dir='ltr' id='par_1_1' title="bbox 84 237 520 284">
     <span class='ocr_line' id='line_1_1' title="bbox 84 237 520 284; baseline 0.011 -5"><span class='ocrx_word' id='word_1_1' title='bbox 84 237 123 279; x_wconf 72' lang='lat' dir='ltr'>lbl</span> <span class='ocrx_word' id='word_1_2' title='bbox 334 241 479 283; x_wconf 78' lang='lat' dir='ltr'>EXCURSUS</span> <span class='ocrx_word' id='word_1_3' title='bbox 495 246 520 284; x_wconf 89' lang='grc' dir='ltr'>ΙΙ.</span> 
     </span>
    </p>
   </div>
   <div class='ocr_carea' id='block_1_2' title="bbox 82 340 773 478">
    <p class='ocr_par' dir='ltr' id='par_1_2' title="bbox 82 340 773 478">
     <span class='ocr_line' id='line_1_2' title="bbox 82 340 773 406; baseline 0.022 -27"><span class='ocrx_word' id='word_1_4' title='bbox 82 340 230 383; x_wconf 83' lang='lat' dir='ltr'>Siiskindius</span> <span class='ocrx_word' id='word_1_5' title='bbox 254 346 277 383; x_wconf 90' lang='lat' dir='ltr'>dc</span> <span class='ocrx_word' id='word_1_6' title='bbox 301 345 365 384; x_wconf 88' lang='lat' dir='ltr'>Paulo</span> <span class='ocrx_word' id='word_1_7' title='bbox 388 349 466 387; x_wconf 82' lang='lat' dir='ltr'>scribit:</span> <span class='ocrx_word' id='word_1_8' title='bbox 490 350 549 400; x_wconf 80' lang='lat' dir='ltr'>„eine</span> <span class='ocrx_word' id='word_1_9' title='bbox 573 351 631 406; x_wconf 74' lang='lat' dir='ltr'>lotape</span> <span class='ocrx_word' id='word_1_10' title='bbox 654 352 712 393; x_wconf 76' lang='lat' dir='ltr'>aethe</span> <span class='ocrx_word' id='word_1_11' title='bbox 734 365 773 393; x_wconf 79' lang='lat' dir='ltr'>oto</span> 
     </span>
     <span class='ocr_line' id='line_1_3' title="bbox 82 418 772 478; baseline 0.013 -22"><span class='ocrx_word' id='word_1_12' title='bbox 82 418 157 459; x_wconf 76' lang='lat' dir='ltr'>tuturo</span> <span class='ocrx_word' id='word_1_13' title='bbox 172 420 223 457; x_wconf 86' lang='lat' dir='ltr'>nach</span> <span class='ocrx_word' id='word_1_14' title='bbox 238 421 311 459; x_wconf 85' lang='lat' dir='ltr'>seineru</span> <span class='ocrx_word' id='word_1_15' title='bbox 323 427 388 460; x_wconf 87' lang='lat' dir='ltr'>ersten</span> <span class='ocrx_word' id='word_1_16' title='bbox 401 422 491 462; x_wconf 87' lang='lat' dir='ltr'>Besuche</span> <span class='ocrx_word' id='word_1_17' title='bbox 506 437 543 476; x_wconf 71' lang='lat' dir='ltr'>sep</span> <span class='ocrx_word' id='word_1_18' title='bbox 558 439 579 463; x_wconf 88' lang='lat' dir='ltr'>er</span> <span class='ocrx_word' id='word_1_19' title='bbox 595 439 631 478; x_wconf 81' lang='lat' dir='ltr'>gar</span> <span class='ocrx_word' id='word_1_20' title='bbox 647 426 701 465; x_wconf 88' lang='lat' dir='ltr'>nicht</span> <span class='ocrx_word' id='word_1_21' title='bbox 717 428 772 465; x_wconf 87' lang='lat' dir='ltr'>mehr</span> 
     </span>
    </p>
   </div>
   <div class='ocr_carea' id='block_1_3' title="bbox 81 494 812 553">
    <p class='ocr_par' dir='ltr' id='par_1_3' title="bbox 81 494 812 553">
     <span class='ocr_line' id='line_1_4' title="bbox 81 494 812 553; baseline 0.016 -23"><span class='ocrx_word' id='word_1_22' title='bbox 81 507 105 531; x_wconf 90' lang='lat' dir='ltr'>zu</span> <span class='ocrx_word' id='word_1_23' title='bbox 122 494 160 532; x_wconf 90' lang='lat' dir='ltr'>den</span> <span class='ocrx_word' id='word_1_24' title='bbox 177 495 275 545; x_wconf 82' lang='lat' dir='ltr'>Aposteln</span> <span class='ocrx_word' id='word_1_25' title='bbox 296 497 346 534; x_wconf 86' lang='lat' dir='ltr'>uach</span> <span class='ocrx_word' id='word_1_26' title='bbox 364 497 477 537; x_wconf 72' lang='lat' dir='ltr'>Jerusalem</span> <span class='ocrx_word' id='word_1_27' title='bbox 497 501 643 551; x_wconf 81' lang='lat' dir='ltr'>gehomnren,“</span> <span class='ocrx_word' id='word_1_28' title='bbox 663 508 692 540; x_wconf 87' lang='lat' dir='ltr'>et:</span> <span class='ocrx_word' id='word_1_29' title='bbox 715 507 772 553; x_wconf 78' lang='lat' dir='ltr'>„ersi</span> <span class='ocrx_word' id='word_1_30' title='bbox 808 510 812 515; x_wconf 92' lang='lat'>&#39;</span> 
     </span>
    </p>
   </div>
   <div class='ocr_carea' id='block_1_4' title="bbox 82 569 777 703">
    <p class='ocr_par' dir='ltr' id='par_1_4' title="bbox 82 569 777 703">
     <span class='ocr_line' id='line_1_5' title="bbox 82 569 772 626; baseline 0.014 -21"><span class='ocrx_word' id='word_1_31' title='bbox 82 569 134 606; x_wconf 86' lang='lat' dir='ltr'>nach</span> <span class='ocrx_word' id='word_1_32' title='bbox 153 573 176 606; x_wconf 79' lang='lat'>14</span> <span class='ocrx_word' id='word_1_33' title='bbox 192 570 288 609; x_wconf 61' lang='lat' dir='ltr'>Jahrrnss</span> <span class='ocrx_word' id='word_1_34' title='bbox 305 578 352 620; x_wconf 78' lang='lat' dir='ltr'>eto,</span> <span class='ocrx_word' id='word_1_35' title='bbox 372 573 392 610; x_wconf 89' lang='lat' dir='ltr'>id</span> <span class='ocrx_word' id='word_1_36' title='bbox 411 574 431 611; x_wconf 91' lang='lat' dir='ltr'>in</span> <span class='ocrx_word' id='word_1_37' title='bbox 451 575 528 625; x_wconf 80' lang='lat' dir='ltr'>graecis</span> <span class='ocrx_word' id='word_1_38' title='bbox 543 578 626 626; x_wconf 86' lang='lat' dir='ltr'>proprie</span> <span class='ocrx_word' id='word_1_39' title='bbox 642 590 682 615; x_wconf 90' lang='lat' dir='ltr'>non</span> <span class='ocrx_word' id='word_1_40' title='bbox 698 577 772 624; x_wconf 84' lang='lat' dir='ltr'>inesse,</span> 
     </span>
     <span class='ocr_line' id='line_1_6' title="bbox 82 643 777 703; baseline 0.012 -23"><span class='ocrx_word' id='word_1_41' title='bbox 82 643 139 681; x_wconf 88' lang='lat' dir='ltr'>facile</span> <span class='ocrx_word' id='word_1_42' title='bbox 156 652 244 696; x_wconf 87' lang='lat' dir='ltr'>apparet.</span> <span class='ocrx_word' id='word_1_43' title='bbox 275 646 334 685; x_wconf 87' lang='lat' dir='ltr'>Dicat</span> <span class='ocrx_word' id='word_1_44' title='bbox 349 661 397 686; x_wconf 86' lang='lat' dir='ltr'>vero</span> <span class='ocrx_word' id='word_1_45' title='bbox 414 648 497 700; x_wconf 88' lang='lat' dir='ltr'>aliquis:</span> <span class='ocrx_word' id='word_1_46' title='bbox 513 651 599 689; x_wconf 76' lang='lat' dir='ltr'>debebat</span> <span class='ocrx_word' id='word_1_47' title='bbox 614 658 666 703; x_wconf 88' lang='lat' dir='ltr'>certe</span> <span class='ocrx_word' id='word_1_48' title='bbox 683 654 777 701; x_wconf 61' lang='lat' dir='ltr'>Aposto:</span> 
     </span>
    </p>
   </div>
   <div class='ocr_carea' id='block_1_5' title="bbox 81 709 771 777">
    <p class='ocr_par' dir='ltr' id='par_1_5' title="bbox 81 709 771 777">
     <span class='ocr_line' id='line_1_7' title="bbox 81 709 771 777; baseline 0.012 -21"><span class='ocrx_word' id='word_1_49' title='bbox 81 718 123 766; x_wconf 93' lang='lat' dir='ltr'>lus,</span> <span class='ocrx_word' id='word_1_50' title='bbox 147 733 171 757; x_wconf 85' lang='lat' dir='ltr'>ne</span> <span class='ocrx_word' id='word_1_51' title='bbox 192 722 245 771; x_wconf 86' lang='lat' dir='ltr'>apud</span> <span class='ocrx_word' id='word_1_52' title='bbox 267 720 349 761; x_wconf 75' lang='lat' dir='ltr'>Galatas</span> <span class='ocrx_word' id='word_1_53' title='bbox 369 723 457 773; x_wconf 77' lang='lat' dir='ltr'>aliquam</span> <span class='ocrx_word' id='word_1_54' title='bbox 478 709 623 764; x_wconf 82' lang='lat' dir='ltr'>dubitationem</span> <span class='ocrx_word' id='word_1_55' title='bbox 644 727 771 777; x_wconf 83' lang='lat' dir='ltr'>relinqueret,</span> 
     </span>
    </p>
   </div>
   <div class='ocr_carea' id='block_1_6' title="bbox 47 794 774 2118">
    <p class='ocr_par' dir='ltr' id='par_1_6' title="bbox 47 794 805 2118">
     <span class='ocr_line' id='line_1_8' title="bbox 47 794 770 851; baseline 0.012 -22"><span class='ocrx_word' id='word_1_56' title='bbox 47 812 48 815; x_wconf 61' lang='lat'><em>=</em></span> <span class='ocrx_word' id='word_1_57' title='bbox 81 794 151 844; x_wconf 86' lang='lat' dir='ltr'>paucis</span> <span class='ocrx_word' id='word_1_58' title='bbox 167 796 290 846; x_wconf 82' lang='lat' dir='ltr'>siguificare,</span> <span class='ocrx_word' id='word_1_59' title='bbox 307 797 360 835; x_wconf 85' lang='lat' dir='ltr'>aliud</span> <span class='ocrx_word' id='word_1_60' title='bbox 377 799 414 835; x_wconf 83' lang='lat' dir='ltr'>iter</span> <span class='ocrx_word' id='word_1_61' title='bbox 429 805 475 849; x_wconf 88' lang='lat' dir='ltr'>post</span> <span class='ocrx_word' id='word_1_62' title='bbox 486 801 570 850; x_wconf 89' lang='lat' dir='ltr'>primum</span> <span class='ocrx_word' id='word_1_63' title='bbox 582 814 600 838; x_wconf 92' lang='lat' dir='ltr'>v.</span> <span class='ocrx_word' id='word_1_64' title='bbox 615 804 644 838; x_wconf 70' lang='lat'>19.</span> <span class='ocrx_word' id='word_1_65' title='bbox 657 809 770 851; x_wconf 85' lang='lat' dir='ltr'>susceptum</span> 
     </span>
     <span class='ocr_line' id='line_1_9' title="bbox 81 869 771 925; baseline 0.01 -19"><span class='ocrx_word' id='word_1_66' title='bbox 81 869 114 906; x_wconf 89' lang='lat' dir='ltr'>hic</span> <span class='ocrx_word' id='word_1_67' title='bbox 137 883 177 907; x_wconf 90' lang='lat' dir='ltr'>non</span> <span class='ocrx_word' id='word_1_68' title='bbox 200 870 220 908; x_wconf 90' lang='lat' dir='ltr'>iu</span> <span class='ocrx_word' id='word_1_69' title='bbox 245 884 325 910; x_wconf 89' lang='lat' dir='ltr'>censum</span> <span class='ocrx_word' id='word_1_70' title='bbox 349 874 422 912; x_wconf 81' lang='lat' dir='ltr'>venire.</span> <span class='ocrx_word' id='word_1_71' title='bbox 454 874 595 913; x_wconf 72' lang='lat' dir='ltr'>Verumtamen</span> <span class='ocrx_word' id='word_1_72' title='bbox 615 888 674 925; x_wconf 83' lang='lat' dir='ltr'>quam</span> <span class='ocrx_word' id='word_1_73' title='bbox 695 875 771 914; x_wconf 86' lang='lat' dir='ltr'>alienus</span> 
     </span>
     <span class='ocr_line' id='line_1_10' title="bbox 80 943 771 1001; baseline 0.012 -21"><span class='ocrx_word' id='word_1_74' title='bbox 80 943 140 981; x_wconf 79' lang='lat' dir='ltr'>fuerit</span> <span class='ocrx_word' id='word_1_75' title='bbox 164 947 201 996; x_wconf 79' lang='lat' dir='ltr'>Ap.</span> <span class='ocrx_word' id='word_1_76' title='bbox 225 947 249 985; x_wconf 86' lang='lat' dir='ltr'>ab</span> <span class='ocrx_word' id='word_1_77' title='bbox 272 948 312 985; x_wconf 89' lang='lat' dir='ltr'>hoe</span> <span class='ocrx_word' id='word_1_78' title='bbox 334 949 454 998; x_wconf 78' lang='lat' dir='ltr'>suspicionis</span> <span class='ocrx_word' id='word_1_79' title='bbox 478 951 609 998; x_wconf 31' lang='lat' dir='ltr'>metukiude</span> <span class='ocrx_word' id='word_1_80' title='bbox 631 956 693 1000; x_wconf 88' lang='lat' dir='ltr'>patet,</span> <span class='ocrx_word' id='word_1_81' title='bbox 717 951 771 1001; x_wconf 89' lang='lat' dir='ltr'>quod</span> 
     </span>
     <span class='ocr_line' id='line_1_11' title="bbox 82 1014 772 1080; baseline 0.012 -25"><span class='ocrx_word' id='word_1_82' title='bbox 82 1032 99 1056; x_wconf 82' lang='lat' dir='ltr'>v.</span> <span class='ocrx_word' id='word_1_83' title='bbox 120 1022 143 1057; x_wconf 71' lang='lat' dir='ltr'>IS</span> <span class='ocrx_word' id='word_1_84' title='bbox 171 1024 199 1058; x_wconf 71' lang='lat' dir='ltr'>lb.</span> <span class='ocrx_word' id='word_1_85' title='bbox 218 1022 239 1059; x_wconf 82' lang='lat' dir='ltr'>ln</span> <span class='ocrx_word' id='word_1_86' title='bbox 255 1021 304 1061; x_wconf 76' lang='lat' dir='ltr'>soils</span> <span class='ocrx_word' id='word_1_87' title='bbox 320 1023 360 1061; x_wconf 85' lang='lat' dir='ltr'>hls:</span> <span class='ocrx_word' id='word_1_88' title='bbox 381 1023 438 1079; x_wconf 58' lang='lat' dir='ltr'>[cnop</span> <span class='ocrx_word' id='word_1_89' title='bbox 459 1025 523 1080; x_wconf 74' lang='grc' dir='ltr'>Πέτρ,</span> <span class='ocrx_word' id='word_1_90' title='bbox 541 1030 576 1063; x_wconf 76' lang='lat' dir='ltr'>etc.</span> <span class='ocrx_word' id='word_1_91' title='bbox 593 1014 614 1063; x_wconf 77' lang='lat' dir='ltr'>eb</span> <span class='ocrx_word' id='word_1_92' title='bbox 628 1021 666 1067; x_wconf 69' lang='grc' dir='ltr'>οὐκ</span> <span class='ocrx_word' id='word_1_93' title='bbox 683 1020 736 1067; x_wconf 63' lang='grc' dir='ltr'>εἶδον</span> <span class='ocrx_word' id='word_1_94' title='bbox 754 1025 772 1067; x_wconf 72' lang='grc' dir='ltr'>εἰ</span> 
     </span>
     <span class='ocr_line' id='line_1_12' title="bbox 82 1089 770 1152; baseline 0.004 -18"><span class='ocrx_word' id='word_1_95' title='bbox 82 1089 111 1147; x_wconf 74' lang='grc' dir='ltr'>μὴ</span> <span class='ocrx_word' id='word_1_96' title='bbox 124 1090 229 1148; x_wconf 66' lang='lat' dir='ltr'>&#39;tanobo</span> <span class='ocrx_word' id='word_1_97' title='bbox 249 1113 266 1138; x_wconf 74' lang='grc' dir='ltr'>τ.</span> <span class='ocrx_word' id='word_1_98' title='bbox 287 1093 318 1138; x_wconf 70' lang='lat' dir='ltr'>cto.</span> <span class='ocrx_word' id='word_1_99' title='bbox 340 1113 383 1152; x_wconf 73' lang='lat' dir='ltr'>nup.</span> <span class='ocrx_word' id='word_1_100' title='bbox 404 1099 512 1149; x_wconf 76' lang='lat' dir='ltr'>acquievit,</span> <span class='ocrx_word' id='word_1_101' title='bbox 537 1112 662 1151; x_wconf 82' lang='lat' dir='ltr'>quanquam,</span> <span class='ocrx_word' id='word_1_102' title='bbox 685 1112 710 1137; x_wconf 91' lang='lat' dir='ltr'>au</span> <span class='ocrx_word' id='word_1_103' title='bbox 730 1112 770 1137; x_wconf 90' lang='lat' dir='ltr'>uon</span> 
     </span>
     <span class='ocr_line' id='line_1_13' title="bbox 82 1169 772 1225; baseline 0.013 -20"><span class='ocrx_word' id='word_1_104' title='bbox 82 1180 106 1205; x_wconf 90' lang='lat' dir='ltr'>eo</span> <span class='ocrx_word' id='word_1_105' title='bbox 129 1169 174 1220; x_wconf 91' lang='lat' dir='ltr'>ipso</span> <span class='ocrx_word' id='word_1_106' title='bbox 195 1176 285 1222; x_wconf 88' lang='lat' dir='ltr'>ternpore</span> <span class='ocrx_word' id='word_1_107' title='bbox 305 1185 317 1209; x_wconf 87' lang='lat' dir='ltr'>a</span> <span class='ocrx_word' id='word_1_108' title='bbox 335 1171 395 1210; x_wconf 85' lang='lat' dir='ltr'>Petro</span> <span class='ocrx_word' id='word_1_109' title='bbox 416 1179 435 1210; x_wconf 81' lang='lat' dir='ltr'>ct</span> <span class='ocrx_word' id='word_1_110' title='bbox 454 1173 534 1212; x_wconf 79' lang='lat' dir='ltr'>‹lacobo</span> <span class='ocrx_word' id='word_1_111' title='bbox 555 1174 650 1225; x_wconf 80' lang='lat' dir='ltr'>privatim·</span> <span class='ocrx_word' id='word_1_112' title='bbox 670 1174 772 1214; x_wconf 73' lang='lat' dir='ltr'>testantur</span> 
     </span>
     <span class='ocr_line' id='line_1_14' title="bbox 82 1247 771 1302; baseline 0.001 -17"><span class='ocrx_word' id='word_1_113' title='bbox 82 1250 116 1281; x_wconf 71' lang='lat' dir='ltr'>aul</span> <span class='ocrx_word' id='word_1_114' title='bbox 136 1247 248 1302; x_wconf 75' lang='lat' dir='ltr'>cnsllqnltcs</span> <span class='ocrx_word' id='word_1_115' title='bbox 267 1253 328 1296; x_wconf 87' lang='lat' dir='ltr'>esset,</span> <span class='ocrx_word' id='word_1_116' title='bbox 349 1249 418 1299; x_wconf 88' lang='lat' dir='ltr'>quaeri</span> <span class='ocrx_word' id='word_1_117' title='bbox 436 1254 491 1287; x_wconf 86' lang='lat' dir='ltr'>recte</span> <span class='ocrx_word' id='word_1_118' title='bbox 510 1255 589 1299; x_wconf 83' lang='lat' dir='ltr'>poterat</span> <span class='ocrx_word' id='word_1_119' title='bbox 608 1250 633 1288; x_wconf 86' lang='lat' dir='ltr'>ab</span> <span class='ocrx_word' id='word_1_120' title='bbox 652 1250 675 1287; x_wconf 91' lang='lat' dir='ltr'>iis</span> <span class='ocrx_word' id='word_1_121' title='bbox 691 1250 771 1299; x_wconf 89' lang='lat' dir='ltr'>potissi-</span> 
     </span>
     <span class='ocr_line' id='line_1_15' title="bbox 81 1323 771 1374; baseline 0.004 -16"><span class='ocrx_word' id='word_1_122' title='bbox 81 1335 145 1369; x_wconf 85' lang='lat' dir='ltr'>mum,</span> <span class='ocrx_word' id='word_1_123' title='bbox 161 1323 205 1373; x_wconf 81' lang='lat' dir='ltr'>qui,</span> <span class='ocrx_word' id='word_1_124' title='bbox 223 1336 274 1373; x_wconf 85' lang='lat' dir='ltr'>quae</span> <span class='ocrx_word' id='word_1_125' title='bbox 291 1324 333 1361; x_wconf 80' lang='lat' dir='ltr'>Act.</span> <span class='ocrx_word' id='word_1_126' title='bbox 349 1326 368 1370; x_wconf 77' lang='lat' dir='ltr'>a,</span> <span class='ocrx_word' id='word_1_127' title='bbox 386 1326 410 1360; x_wconf 76' lang='lat'>26</span> <span class='ocrx_word' id='word_1_128' title='bbox 427 1337 469 1374; x_wconf 80' lang='lat' dir='ltr'>sqq.</span> <span class='ocrx_word' id='word_1_129' title='bbox 486 1331 604 1372; x_wconf 83' lang='lat' dir='ltr'>narrantur,</span> <span class='ocrx_word' id='word_1_130' title='bbox 621 1324 771 1374; x_wconf 87' lang='lat' dir='ltr'>comperissent.</span> 
     </span>
     <span class='ocr_line' id='line_1_16' title="bbox 82 1394 773 1449; baseline 0.004 -17"><span class='ocrx_word' id='word_1_131' title='bbox 82 1394 155 1434; x_wconf 88' lang='lat' dir='ltr'>Omnia</span> <span class='ocrx_word' id='word_1_132' title='bbox 173 1398 234 1448; x_wconf 79' lang='lat' dir='ltr'>igitur</span> <span class='ocrx_word' id='word_1_133' title='bbox 253 1411 276 1435; x_wconf 85' lang='lat' dir='ltr'>ea</span> <span class='ocrx_word' id='word_1_134' title='bbox 296 1397 315 1434; x_wconf 90' lang='lat' dir='ltr'>in</span> <span class='ocrx_word' id='word_1_135' title='bbox 339 1410 410 1436; x_wconf 86' lang='lat' dir='ltr'>caussa</span> <span class='ocrx_word' id='word_1_136' title='bbox 432 1399 524 1436; x_wconf 88' lang='lat' dir='ltr'>redibant</span> <span class='ocrx_word' id='word_1_137' title='bbox 546 1399 571 1436; x_wconf 83' lang='lat' dir='ltr'>ad</span> <span class='ocrx_word' id='word_1_138' title='bbox 594 1399 657 1449; x_wconf 90' lang='lat' dir='ltr'>ipsius</span> <span class='ocrx_word' id='word_1_139' title='bbox 676 1398 773 1449; x_wconf 80' lang='lat' dir='ltr'>Apostoli</span> 
     </span>
     <span class='ocr_line' id='line_1_17' title="bbox 82 1471 772 1523; baseline 0.001 -15"><span class='ocrx_word' id='word_1_140' title='bbox 82 1471 151 1518; x_wconf 89' lang='lat' dir='ltr'>fidem,</span> <span class='ocrx_word' id='word_1_141' title='bbox 168 1485 227 1522; x_wconf 84' lang='lat' dir='ltr'>quarn</span> <span class='ocrx_word' id='word_1_142' title='bbox 247 1471 376 1511; x_wconf 79' lang='lat' dir='ltr'>iureiurando</span> <span class='ocrx_word' id='word_1_143' title='bbox 387 1473 514 1523; x_wconf 63' lang='lat' dir='ltr'>&gt;interposito</span> <span class='ocrx_word' id='word_1_144' title='bbox 535 1474 640 1511; x_wconf 86' lang='lat' dir='ltr'>confirmat</span> <span class='ocrx_word' id='word_1_145' title='bbox 658 1486 676 1511; x_wconf 85' lang='lat' dir='ltr'>v.</span> <span class='ocrx_word' id='word_1_146' title='bbox 694 1476 726 1510; x_wconf 75' lang='lat'>20.</span> <span class='ocrx_word' id='word_1_147' title='bbox 737 1473 772 1523; x_wconf 60' lang='lat'>⁷³).</span> 
     </span>
     <span class='ocr_line' id='line_1_18' title="bbox 82 1543 771 1600; baseline 0.001 -17"><span class='ocrx_word' id='word_1_148' title='bbox 82 1543 120 1583; x_wconf 86' lang='lat' dir='ltr'>Sed</span> <span class='ocrx_word' id='word_1_149' title='bbox 138 1547 229 1594; x_wconf 85' lang='lat' dir='ltr'>omnino,</span> <span class='ocrx_word' id='word_1_150' title='bbox 246 1546 322 1585; x_wconf 85' lang='lat' dir='ltr'>etiamsi</span> <span class='ocrx_word' id='word_1_151' title='bbox 336 1546 358 1586; x_wconf 89' lang='lat' dir='ltr'>P.</span> <span class='ocrx_word' id='word_1_152' title='bbox 375 1548 399 1584; x_wconf 84' lang='lat' dir='ltr'>de</span> <span class='ocrx_word' id='word_1_153' title='bbox 415 1549 500 1588; x_wconf 72' lang='lat' dir='ltr'>succendo</span> <span class='ocrx_word' id='word_1_154' title='bbox 516 1560 553 1586; x_wconf 88' lang='lat' dir='ltr'>suo</span> <span class='ocrx_word' id='word_1_155' title='bbox 568 1548 638 1585; x_wconf 84' lang='lat' dir='ltr'>itinere</span> <span class='ocrx_word' id='word_1_156' title='bbox 654 1547 771 1600; x_wconf 74' lang='lat' dir='ltr'>addidisset,</span> 
     </span>
     <span class='ocr_line' id='line_1_19' title="bbox 81 1620 771 1672; baseline 0.006 -16"><span class='ocrx_word' id='word_1_157' title='bbox 81 1633 105 1656; x_wconf 91' lang='lat' dir='ltr'>ne</span> <span class='ocrx_word' id='word_1_158' title='bbox 124 1620 164 1658; x_wconf 89' lang='lat' dir='ltr'>hoc</span> <span class='ocrx_word' id='word_1_159' title='bbox 185 1622 263 1672; x_wconf 85' lang='lat' dir='ltr'>quidem</span> <span class='ocrx_word' id='word_1_160' title='bbox 280 1634 349 1659; x_wconf 91' lang='lat' dir='ltr'>omnes</span> <span class='ocrx_word' id='word_1_161' title='bbox 366 1622 498 1660; x_wconf 81' lang='lat' dir='ltr'>dubitationes</span> <span class='ocrx_word' id='word_1_162' title='bbox 514 1623 601 1659; x_wconf 79' lang='lat' dir='ltr'>eximere</span> <span class='ocrx_word' id='word_1_163' title='bbox 617 1623 682 1672; x_wconf 86' lang='lat' dir='ltr'>potuit</span> <span class='ocrx_word' id='word_1_164' title='bbox 698 1621 771 1660; x_wconf 89' lang='lat' dir='ltr'>talibus</span> 
     </span>
     <span class='ocr_line' id='line_1_20' title="bbox 82 1691 773 1747; baseline 0.004 -16"><span class='ocrx_word' id='word_1_165' title='bbox 82 1694 208 1743; x_wconf 82' lang='lat' dir='ltr'>hominibus,</span> <span class='ocrx_word' id='word_1_166' title='bbox 225 1696 294 1747; x_wconf 84' lang='lat' dir='ltr'>quales</span> <span class='ocrx_word' id='word_1_167' title='bbox 309 1691 400 1746; x_wconf 78' lang='lat' dir='ltr'>plerique</span> <span class='ocrx_word' id='word_1_168' title='bbox 416 1697 454 1735; x_wconf 86' lang='lat' dir='ltr'>sibi</span> <span class='ocrx_word' id='word_1_169' title='bbox 470 1697 556 1747; x_wconf 83' lang='lat' dir='ltr'>fingunt:</span> <span class='ocrx_word' id='word_1_170' title='bbox 572 1710 616 1734; x_wconf 84' lang='lat' dir='ltr'>uam</span> <span class='ocrx_word' id='word_1_171' title='bbox 627 1696 648 1733; x_wconf 86' lang='lat' dir='ltr'>iu</span> <span class='ocrx_word' id='word_1_172' title='bbox 659 1696 704 1747; x_wconf 85' lang='lat' dir='ltr'>ipsa</span> <span class='ocrx_word' id='word_1_173' title='bbox 714 1694 773 1747; x_wconf 84' lang='lat' dir='ltr'>Syria</span> 
     </span>
     <span class='ocr_line' id='line_1_21' title="bbox 83 1770 772 1821; baseline 0.006 -15"><span class='ocrx_word' id='word_1_174' title='bbox 83 1770 110 1818; x_wconf 81' lang='lat' dir='ltr'>(v.</span> <span class='ocrx_word' id='word_1_175' title='bbox 128 1771 170 1821; x_wconf 76' lang='lat'>21.)</span> <span class='ocrx_word' id='word_1_176' title='bbox 186 1771 245 1808; x_wconf 80' lang='lat' dir='ltr'>facile</span> <span class='ocrx_word' id='word_1_177' title='bbox 264 1776 344 1821; x_wconf 86' lang='lat' dir='ltr'>poterat</span> <span class='ocrx_word' id='word_1_178' title='bbox 359 1771 444 1821; x_wconf 88' lang='lat' dir='ltr'>aliquem</span> <span class='ocrx_word' id='word_1_179' title='bbox 461 1771 607 1821; x_wconf 78' lang='lat' dir='ltr'>Apostolorum</span> <span class='ocrx_word' id='word_1_180' title='bbox 623 1771 732 1808; x_wconf 82' lang='lat' dir='ltr'>convenire</span> <span class='ocrx_word' id='word_1_181' title='bbox 747 1773 772 1810; x_wconf 85' lang='lat' dir='ltr'>ab</span> 
     </span>
     <span class='ocr_line' id='line_1_22' title="bbox 83 1839 772 1896; baseline 0.001 -15"><span class='ocrx_word' id='word_1_182' title='bbox 83 1857 147 1894; x_wconf 86' lang='lat' dir='ltr'>eoque</span> <span class='ocrx_word' id='word_1_183' title='bbox 163 1844 240 1883; x_wconf 86' lang='lat' dir='ltr'>institui</span> <span class='ocrx_word' id='word_1_184' title='bbox 249 1845 284 1895; x_wconf 80' lang='lat'>⁷⁹).</span> <span class='ocrx_word' id='word_1_185' title='bbox 314 1845 376 1884; x_wconf 85' lang='lat' dir='ltr'>Vides</span> <span class='ocrx_word' id='word_1_186' title='bbox 396 1846 467 1896; x_wconf 76' lang='lat' dir='ltr'>igitur,</span> <span class='ocrx_word' id='word_1_187' title='bbox 488 1859 545 1896; x_wconf 82' lang='lat' dir='ltr'>quam</span> <span class='ocrx_word' id='word_1_188' title='bbox 566 1844 627 1883; x_wconf 86' lang='lat' dir='ltr'>multa</span> <span class='ocrx_word' id='word_1_189' title='bbox 646 1839 735 1884; x_wconf 87' lang='lat' dir='ltr'>debuerit</span> <span class='ocrx_word' id='word_1_190' title='bbox 750 1845 772 1883; x_wconf 89' lang='lat' dir='ltr'>P.</span> 
     </span>
     <span class='ocr_line' id='line_1_23' title="bbox 83 1918 773 1967; baseline 0.004 -12"><span class='ocrx_word' id='word_1_191' title='bbox 83 1918 164 1966; x_wconf 84' lang='lat' dir='ltr'>afferre,</span> <span class='ocrx_word' id='word_1_192' title='bbox 181 1920 198 1957; x_wconf 90' lang='lat' dir='ltr'>si</span> <span class='ocrx_word' id='word_1_193' title='bbox 213 1920 233 1957; x_wconf 84' lang='lat' dir='ltr'>ih</span> <span class='ocrx_word' id='word_1_194' title='bbox 249 1925 316 1957; x_wconf 87' lang='lat' dir='ltr'>mente</span> <span class='ocrx_word' id='word_1_195' title='bbox 331 1920 443 1967; x_wconf 76' lang='lat' dir='ltr'>habuisset,</span> <span class='ocrx_word' id='word_1_196' title='bbox 463 1933 541 1958; x_wconf 84' lang='lat' dir='ltr'>omnem</span> <span class='ocrx_word' id='word_1_197' title='bbox 558 1920 589 1958; x_wconf 86' lang='lat' dir='ltr'>rel</span> <span class='ocrx_word' id='word_1_198' title='bbox 605 1919 725 1957; x_wconf 87' lang='lat' dir='ltr'>levissimam</span> <span class='ocrx_word' id='word_1_199' title='bbox 741 1933 773 1958; x_wconf 86' lang='lat' dir='ltr'>su·</span> 
     </span>
     <span class='ocr_line' id='line_1_24' title="bbox 83 1992 774 2046; baseline 0.004 -16"><span class='ocrx_word' id='word_1_200' title='bbox 83 1993 194 2042; x_wconf 88' lang='lat' dir='ltr'>spicionem</span> <span class='ocrx_word' id='word_1_201' title='bbox 214 2007 225 2032; x_wconf 86' lang='lat' dir='ltr'>a</span> <span class='ocrx_word' id='word_1_202' title='bbox 244 2008 265 2034; x_wconf 83' lang='lat' dir='ltr'>se</span> <span class='ocrx_word' id='word_1_203' title='bbox 284 2007 383 2032; x_wconf 69' lang='lat' dir='ltr'>amoverev</span> <span class='ocrx_word' id='word_1_204' title='bbox 402 2018 423 2022; x_wconf 85' lang='lat'>--</span> <span class='ocrx_word' id='word_1_205' title='bbox 444 1992 482 2032; x_wconf 82' lang='lat' dir='ltr'>Sed</span> <span class='ocrx_word' id='word_1_206' title='bbox 501 1995 603 2046; x_wconf 83' lang='lat' dir='ltr'>pergimus</span> <span class='ocrx_word' id='word_1_207' title='bbox 623 1994 649 2031; x_wconf 86' lang='lat' dir='ltr'>ad</span> <span class='ocrx_word' id='word_1_208' title='bbox 664 1994 774 2046; x_wconf 77' lang='lat' dir='ltr'>sennodum</span> 
     </span>
     <span class='ocr_line' id='line_1_25' title="bbox 83 2068 773 2118; baseline 0.006 -14"><span class='ocrx_word' id='word_1_209' title='bbox 83 2074 226 2118; x_wconf 74' lang='lat' dir='ltr'>argumentum¹</span> <span class='ocrx_word' id='word_1_210' title='bbox 257 2069 368 2117; x_wconf 78' lang='lat' dir='ltr'>Dubitant,</span> <span class='ocrx_word' id='word_1_211' title='bbox 387 2068 468 2107; x_wconf 86' lang='lat' dir='ltr'>Petrum</span> <span class='ocrx_word' id='word_1_212' title='bbox 491 2071 516 2107; x_wconf 81' lang='lat' dir='ltr'>ab</span> <span class='ocrx_word' id='word_1_213' title='bbox 535 2070 659 2108; x_wconf 86' lang='lat' dir='ltr'>ethnicorum</span> <span class='ocrx_word' id='word_1_214' title='bbox 676 2081 712 2106; x_wconf 90' lang='lat' dir='ltr'>usu</span> <span class='ocrx_word' id='word_1_215' title='bbox 729 2070 773 2108; x_wconf 85' lang='lat' dir='ltr'>abs·</span> 
     </span>
    </p>
   </div>
   <div class='ocr_carea' id='block_1_7' title="bbox 81 2237 774 2336">
    <p class='ocr_par' dir='ltr' id='par_1_7' title="bbox 81 2237 774 2336">
     <span class='ocr_line' id='line_1_26' title="bbox 83 2237 774 2287; baseline 0 -12"><span class='ocrx_word' id='word_1_216' title='bbox 83 2242 220 2278; x_wconf 86' lang='lat' dir='ltr'>Schmidtius</span> <span class='ocrx_word' id='word_1_217' title='bbox 233 2247 251 2287; x_wconf 87' lang='lat' dir='ltr'>(l.</span> <span class='ocrx_word' id='word_1_218' title='bbox 264 2257 278 2278; x_wconf 85' lang='lat' dir='ltr'>e.</span> <span class='ocrx_word' id='word_1_219' title='bbox 291 2257 308 2287; x_wconf 93' lang='lat' dir='ltr'>p.</span> <span class='ocrx_word' id='word_1_220' title='bbox 323 2246 368 2287; x_wconf 61' lang='lat'>133.)</span> <span class='ocrx_word' id='word_1_221' title='bbox 381 2237 464 2287; x_wconf 81' lang='lat' dir='ltr'>primam,</span> <span class='ocrx_word' id='word_1_222' title='bbox 481 2256 525 2287; x_wconf 88' lang='lat' dir='ltr'>quae</span> <span class='ocrx_word' id='word_1_223' title='bbox 540 2247 558 2278; x_wconf 93' lang='lat' dir='ltr'>iu</span> <span class='ocrx_word' id='word_1_224' title='bbox 571 2245 620 2277; x_wconf 82' lang='lat' dir='ltr'>Actis</span> <span class='ocrx_word' id='word_1_225' title='bbox 633 2249 723 2285; x_wconf 77' lang='lat' dir='ltr'>narratur,</span> <span class='ocrx_word' id='word_1_226' title='bbox 735 2255 774 2287; x_wconf 87' lang='lat' dir='ltr'>pro-</span> 
     </span>
     <span class='ocr_line' id='line_1_27' title="bbox 81 2300 398 2336; baseline 0.006 -4"><span class='ocrx_word' id='word_1_227' title='bbox 81 2300 174 2334; x_wconf 82' lang='lat' dir='ltr'>fectionem</span> <span class='ocrx_word' id='word_1_228' title='bbox 186 2303 237 2335; x_wconf 88' lang='lat' dir='ltr'>nihili</span> <span class='ocrx_word' id='word_1_229' title='bbox 250 2313 288 2336; x_wconf 87' lang='lat' dir='ltr'>esse</span> <span class='ocrx_word' id='word_1_230' title='bbox 301 2303 398 2335; x_wconf 82' lang='lat' dir='ltr'>contendit.</span> 
     </span>
    </p>
   </div>
   <div class='ocr_carea' id='block_1_8' title="bbox 47 2382 775 2711">
    <p class='ocr_par' dir='ltr' id='par_1_8' title="bbox 47 2382 775 2711">
     <span class='ocr_line' id='line_1_28' title="bbox 128 2382 773 2425; baseline 0.002 -12"><span class='ocrx_word' id='word_1_231' title='bbox 128 2382 157 2425; x_wconf 80' lang='lat'>78)</span> <span class='ocrx_word' id='word_1_232' title='bbox 171 2382 242 2416; x_wconf 75' lang='lat' dir='ltr'>Scilicet</span> <span class='ocrx_word' id='word_1_233' title='bbox 254 2384 329 2425; x_wconf 85' lang='lat' dir='ltr'>simplici</span> <span class='ocrx_word' id='word_1_234' title='bbox 341 2383 442 2415; x_wconf 81' lang='lat' dir='ltr'>narratione</span> <span class='ocrx_word' id='word_1_235' title='bbox 455 2384 516 2416; x_wconf 81' lang='lat' dir='ltr'>docere</span> <span class='ocrx_word' id='word_1_236' title='bbox 529 2383 601 2416; x_wconf 83' lang='lat' dir='ltr'>Galatas</span> <span class='ocrx_word' id='word_1_237' title='bbox 614 2383 652 2415; x_wconf 80' lang='lat' dir='ltr'>vult</span> <span class='ocrx_word' id='word_1_238' title='bbox 664 2382 707 2424; x_wconf 85' lang='lat' dir='ltr'>Ap,</span> <span class='ocrx_word' id='word_1_239' title='bbox 721 2392 739 2414; x_wconf 88' lang='lat' dir='ltr'>se</span> <span class='ocrx_word' id='word_1_240' title='bbox 752 2382 773 2414; x_wconf 90' lang='lat' dir='ltr'>ab</span> 
     </span>
     <span class='ocr_line' id='line_1_29' title="bbox 82 2440 775 2483; baseline -0.001 -12"><span class='ocrx_word' id='word_1_241' title='bbox 82 2440 156 2472; x_wconf 84' lang='lat' dir='ltr'>aliorum</span> <span class='ocrx_word' id='word_1_242' title='bbox 170 2441 290 2483; x_wconf 87' lang='lat' dir='ltr'>apostolorum</span> <span class='ocrx_word' id='word_1_243' title='bbox 303 2442 416 2473; x_wconf 85' lang='lat' dir='ltr'>institutione</span> <span class='ocrx_word' id='word_1_244' title='bbox 429 2440 504 2472; x_wconf 87' lang='lat' dir='ltr'>alienum</span> <span class='ocrx_word' id='word_1_245' title='bbox 521 2440 583 2482; x_wconf 81' lang='lat' dir='ltr'>firisse3</span> <span class='ocrx_word' id='word_1_246' title='bbox 603 2451 637 2472; x_wconf 91' lang='lat' dir='ltr'>nou</span> <span class='ocrx_word' id='word_1_247' title='bbox 650 2440 741 2481; x_wconf 38' lang='lat' dir='ltr'>hoeragit,</span> <span class='ocrx_word' id='word_1_248' title='bbox 756 2444 775 2470; x_wconf 88' lang='lat' dir='ltr'>ut</span> 
     </span>
     <span class='ocr_line' id='line_1_30' title="bbox 81 2496 775 2540; baseline 0.001 -12"><span class='ocrx_word' id='word_1_249' title='bbox 81 2497 181 2529; x_wconf 84' lang='lat' dir='ltr'>hominihus</span> <span class='ocrx_word' id='word_1_250' title='bbox 198 2499 296 2540; x_wconf 86' lang='lat' dir='ltr'>suspicione</span> <span class='ocrx_word' id='word_1_251' title='bbox 311 2498 367 2540; x_wconf 82' lang='lat' dir='ltr'>plenis</span> <span class='ocrx_word' id='word_1_252' title='bbox 385 2508 445 2530; x_wconf 87' lang='lat' dir='ltr'>omues</span> <span class='ocrx_word' id='word_1_253' title='bbox 461 2498 488 2529; x_wconf 79' lang='lat' dir='ltr'>vel</span> <span class='ocrx_word' id='word_1_254' title='bbox 504 2499 585 2531; x_wconf 88' lang='lat' dir='ltr'>minimos</span> <span class='ocrx_word' id='word_1_255' title='bbox 603 2499 667 2531; x_wconf 76' lang='lat' dir='ltr'>eximat</span> <span class='ocrx_word' id='word_1_256' title='bbox 679 2496 775 2539; x_wconf 74' lang='lat' dir='ltr'>scrupulos.</span> 
     </span>
     <span class='ocr_line' id='line_1_31' title="bbox 47 2554 775 2604; baseline 0 -18"><span class='ocrx_word' id='word_1_257' title='bbox 47 2575 48 2578; x_wconf 58' lang='lat'><em>=</em></span> <span class='ocrx_word' id='word_1_258' title='bbox 82 2554 119 2587; x_wconf 89' lang='lat' dir='ltr'>Der</span> <span class='ocrx_word' id='word_1_259' title='bbox 135 2556 209 2597; x_wconf 84' lang='lat' dir='ltr'>Apostel</span> <span class='ocrx_word' id='word_1_260' title='bbox 229 2556 279 2588; x_wconf 85' lang='lat' dir='ltr'>sucht</span> <span class='ocrx_word' id='word_1_261' title='bbox 294 2555 449 2589; x_wconf 79' lang='lat' dir='ltr'>Uuunterrichtete</span> <span class='ocrx_word' id='word_1_262' title='bbox 466 2555 520 2587; x_wconf 90' lang='lat' dir='ltr'>durch</span> <span class='ocrx_word' id='word_1_263' title='bbox 536 2556 614 2588; x_wconf 86' lang='lat' dir='ltr'>eiufache</span> <span class='ocrx_word' id='word_1_264' title='bbox 630 2554 714 2587; x_wconf 80' lang='lat' dir='ltr'>factische</span> <span class='ocrx_word' id='word_1_265' title='bbox 725 2554 775 2604; x_wconf 29' lang='lat' dir='ltr'>‘Dar-</span> 
     </span>
     <span class='ocr_line' id='line_1_32' title="bbox 82 2612 774 2655; baseline -0.001 -12"><span class='ocrx_word' id='word_1_266' title='bbox 82 2612 146 2654; x_wconf 79' lang='lat' dir='ltr'>leguug</span> <span class='ocrx_word' id='word_1_267' title='bbox 158 2623 198 2644; x_wconf 78' lang='lat' dir='ltr'>vom</span> <span class='ocrx_word' id='word_1_268' title='bbox 212 2612 278 2646; x_wconf 78' lang='lat' dir='ltr'>Stande</span> <span class='ocrx_word' id='word_1_269' title='bbox 292 2613 322 2645; x_wconf 91' lang='lat' dir='ltr'>der</span> <span class='ocrx_word' id='word_1_270' title='bbox 330 2613 388 2655; x_wconf 82' lang='lat' dir='ltr'>Dioge</span> <span class='ocrx_word' id='word_1_271' title='bbox 401 2622 423 2643; x_wconf 82' lang='lat' dir='ltr'>zu</span> <span class='ocrx_word' id='word_1_272' title='bbox 436 2612 563 2655; x_wconf 86' lang='lat' dir='ltr'>uuterrichten,</span> <span class='ocrx_word' id='word_1_273' title='bbox 576 2612 625 2645; x_wconf 87' lang='lat' dir='ltr'>nicht</span> <span class='ocrx_word' id='word_1_274' title='bbox 638 2612 671 2644; x_wconf 83' lang='lat' dir='ltr'>tief</span> <span class='ocrx_word' id='word_1_275' title='bbox 681 2612 774 2653; x_wconf 82' lang='lat' dir='ltr'>geuurzcl·</span> 
     </span>
     <span class='ocr_line' id='line_1_33' title="bbox 83 2667 463 2711; baseline 0 -11"><span class='ocrx_word' id='word_1_276' title='bbox 83 2674 112 2700; x_wconf 86' lang='lat' dir='ltr'>teu</span> <span class='ocrx_word' id='word_1_277' title='bbox 125 2670 214 2702; x_wconf 86' lang='lat' dir='ltr'>Verdacht</span> <span class='ocrx_word' id='word_1_278' title='bbox 226 2671 306 2703; x_wconf 86' lang='lat' dir='ltr'>miibsam</span> <span class='ocrx_word' id='word_1_279' title='bbox 314 2681 339 2701; x_wconf 71' lang='lat' dir='ltr'>au</span> <span class='ocrx_word' id='word_1_280' title='bbox 353 2667 463 2711; x_wconf 72' lang='lat' dir='ltr'>bekbmpfeu.</span> 
     </span>
    </p>
   </div>
   <div class='ocr_carea' id='block_1_9' title="bbox 129 2749 637 2793">
    <p class='ocr_par' dir='ltr' id='par_1_9' title="bbox 129 2749 637 2793">
     <span class='ocr_line' id='line_1_34' title="bbox 129 2749 637 2793; baseline 0.002 -13"><span class='ocrx_word' id='word_1_281' title='bbox 129 2749 157 2790; x_wconf 74' lang='lat'>79)</span> <span class='ocrx_word' id='word_1_282' title='bbox 171 2761 186 2782; x_wconf 85' lang='lat' dir='ltr'>v.</span> <span class='ocrx_word' id='word_1_283' title='bbox 200 2751 300 2783; x_wconf 86' lang='lat' dir='ltr'>Theilius</span> <span class='ocrx_word' id='word_1_284' title='bbox 312 2751 336 2781; x_wconf 87' lang='lat' dir='ltr'>im</span> <span class='ocrx_word' id='word_1_285' title='bbox 348 2760 365 2782; x_wconf 89' lang='lat' dir='ltr'>n.</span> <span class='ocrx_word' id='word_1_286' title='bbox 378 2750 419 2782; x_wconf 83' lang='lat' dir='ltr'>krit.</span> <span class='ocrx_word' id='word_1_287' title='bbox 432 2749 494 2782; x_wconf 84' lang='lat' dir='ltr'>Journ.</span> <span class='ocrx_word' id='word_1_288' title='bbox 507 2750 554 2783; x_wconf 82' lang='lat' dir='ltr'>VIII.</span> <span class='ocrx_word' id='word_1_289' title='bbox 567 2762 584 2793; x_wconf 90' lang='lat' dir='ltr'>p.</span> <span class='ocrx_word' id='word_1_290' title='bbox 598 2750 637 2782; x_wconf 76' lang='lat'>174.</span> 
     </span>
    </p>
   </div>
   <div class='ocr_carea' id='block_1_10' title="bbox 0 0 866 3054">
    <p class='ocr_par' dir='ltr' id='par_1_10' title="bbox 0 0 866 3054">
     <span class='ocr_line' id='line_1_35' title="bbox 0 0 866 3054; baseline 0 0"><span class='ocrx_word' id='word_1_291' title='bbox 0 0 866 3054; x_wconf 95' lang='lat' dir='ltr'> </span> 
     </span>
    </p>
   </div>
  </div>
 </body>
</html>
