1723 3054
235 197 242 283 A>
310 230 379 272 ‚can
395 231 421 269 Π.
437 244 456 270 v.
473 234 542 269 3-6.
560 240 561 243 ¹
736 212 781 273 '59

91 335 239 390 qualescanque
261 336 339 375 demam
362 339 426 376 erant.
458 332 506 373 Sim.
525 333 631 373 Demosth.
651 334 676 372 de
694 346 746 385 pace
764 346 781 371 c.

91 413 111 458 4,
122 412 141 448 3.
157 409 220 452 trote
229 405 276 451 ποτ’
297 407 351 452 ἐστὶν
368 404 434 465 αὕτη,
450 407 535 447 Pausau.
547 411 566 457 7,
580 399 611 446 10ss
625 413 641 446 1.
656 407 698 448 Dic
709 406 781 459 Chrys.

93 486 125 523 23.
140 497 161 534 p.
178 484 225 522 278.
245 486 281 531 40.
297 498 316 535 p.
332 487 380 523 493.
410 483 495 522 Videtur
509 481 532 522 P.
548 482 599 521 iilud
614 489 691 533 tempus
707 483 781 530 dicere,
804 507 809 511 -

92 571 132 608 quo
144 556 218 597 Christi
233 559 378 598 consuetudine
394 559 510 606 utebantur3
524 557 572 596 huic
587 558 639 595 enim
654 558 684 595 rei
698 558 781 596 muitum

91 633 205 671 tribuebant
219 634 339 680 adversarii,
355 648 373 672 v.
389 632 476 684 Pelag.
492 632 518 670 ad
532 632 551 670 h.
566 632 580 670 l.
603 630 625 670 Si
640 632 711 670 vertis:
727 645 782 686 qart-

63 720 65 722 ·
93 707 198 762 tescumque
213 709 259 749 oum
274 709 326 758 (non
341 709 403 759 itanc)
418 707 506 759 fuerint,
522 707 567 745 vide
583 719 610 744 an
620 705 748 745 scribendum
759 706 784 745 sit

55 811 57 814 -
91 782 145 825 ποτέ
160 767 292 833 (Matthiae
306 782 330 830 I,
343 784 434 832 pru,
457 782 492 820 sed
506 771 560 820 istud
575 785 642 819 tamen
657 794 700 818 non
715 792 784 819 neces-

92 856 172 895 sarium.
202 856 326 908 Koppium
346 869 394 895 vero
413 849 467 913 ἦσαν
485 869 524 907 pro
544 855 584 898 εἰσί
605 856 717 905 accepisse,
740 856 783 893 iure

78 930 203 969 miraberis.
219 952 248 959 -
264 926 306 973 οὐδ.
323 946 344 984 μ.
360 932 418 987 διαφ-
438 931 459 971 id
477 930 528 971 nibil
546 943 594 970 carn
615 930 716 985 equidem,
734 930 785 970 nihil

92 1017 137 1046 men
146 1003 210 1059 refert
220 1005 298 1044 Aeliam.
308 1004 332 1044 V.
343 1004 374 1046 H.
382 1008 400 1052 1,
412 1007 445 1043 95.
464 1004 506 1043 Dio
517 1002 588 1056 Chrys.
600 1007 633 1042 40.
649 1018 668 1054 p.
680 1006 727 1042 493.
742 1002 785 1041 De-

93 1080 166 1118 mosth.
181 1092 202 1132 c.
218 1080 304 1119 Theocr.
320 1093 339 1130 p.
357 1082 403 1119 512.
419 1078 520 1118 Plutarch.
535 1080 596 1131 Ages.
614 1092 629 1119 c.
647 1079 665 1116 3.
687 1076 788 1117 Themist.r

94 1158 143 1192 orat.
160 1157 193 1192 21.
208 1157 287 1205 puts.
303 1154 328 1192 ai.
351 1153 422 1205 Neque
438 1154 489 1200 enirn
504 1153 583 1192 Bezae
598 1159 618 1191 et
632 1152 784 1204 Hombergio

95 1227 218 1280 (Parergsp.
235 1228 295 1277 275.)
315 1228 424 1276 assentior,
447 1228 514 1267 locum
535 1228 565 1266 ita
587 1228 737 1266 enarrantibus:
759 1229 784 1266 ab

94 1303 145 1350 illis,
166 1302 200 1353 qui
214 1304 309 1341 ridentur
325 1315 369 1342 esse
385 1303 470 1353 aliquid,
491 1303 540 1341 nihii
555 1302 637 1350 differ03
658 1302 700 1340 hoc
714 1314 786 1353 graece

21 1388 24 1391 ⁴
95 1377 135 1416 dici
150 1377 246 1425 debebat:
266 1377 308 1419 cuir
325 1376 348 1419 δὲ
364 1379 407 1419 tor.
425 1373 483 1420 οὐδὲν
500 1376 600 1428 (Xenoph.
611 1377 677 1415 Anab.
689 1379 709 1425 2,
721 1378 740 1424 3,
754 1378 785 1415 15.

96 1452 170 1489 Athen:
183 1455 214 1489 14.
228 1465 247 1502 p.
260 1454 314 1499 tlt,
330 1452 362 1489 vel
378 1448 426 1494 κατ’
446 1447 504 1494 οὐδέν
520 1464 538 1490 v,
548 1451 610 1489 Dion.
621 1451 666 1489 Hal.
679 1465 709 1502 ep.
722 1454 740 1499 3,
752 1454 792 1506 213

93 1526 126 1564 vel
145 1522 230 1576 οὐδενός
247 1525 288 1564 Dic
308 1524 379 1576 Chrys.
400 1528 418 1564 8.
436 1539 456 1577 p.
475 1528 520 1564 130.
540 1539 559 1566 v.
579 1521 646 1568 οὐδενί
663 1526 717 1564 Max·
736 1526 785 1577 Tyr·
831 1534 833 1537 ’

99 1603 132 1646 12,
146 1603 162 1639 1.
178 1600 285 1639 Jamblich.
296 1605 395 1651 prctrept.
407 1602 425 1638 8,
436 1614 456 1651 p.
470 1599 524 1650 130.)
537 1597 578 1655 ἐγὼ
589 1600 682 1656 διαφέρω
694 1601 720 1652 (v.
730 1603 749 1649 5,
760 1599 785 1652 1.)

97 1676 129 1713 vel
147 1680 200 1713 certe
218 1675 260 1717 τῶν
281 1673 304 1717 δὲ
324 1675 368 1717 δον.
388 1670 447 1717 οὐδέν
464 1690 500 1730 μοι
515 1675 617 1731 διαφέρει.
648 1673 708 1714 Certe
723 1676 786 1714 nolim

97 1751 144 1788 loco
160 1749 269 1800 Theophili
283 1749 349 1788 Iustit.
364 1750 413 1797 iun,
430 1749 463 1787 ubi
478 1751 529 1788 haec
543 1750 647 1801 leguntur:
665 1746 690 1792 τὸ
706 1748 729 1792 δὲ
743 1753 786 1793 Xu-

96 1826 155 1867 δαῐον
178 1824 261 1879 ubibo<
284 1824 322 1866 τοῦ
342 1820 412 1880 δήμου
430 1820 499 1882 τούτῳ
519 1820 625 1880 διενήνοχε
646 1823 661 1882 ᾧ
681 1821 787 1881 διενήνοχε

95 1899 156 1953 γένος
174 1893 215 1940 ἀπὸ
233 1897 271 1940 τοῦ
283 1894 356 1947 ἐἶδος,
380 1898 405 1935 ad
427 1898 484 1936 istam
503 1902 622 1937 structuram
641 1899 786 1938 defendendam

94 1974 129 2011 nti.
159 1971 230 2022 Nuper
248 1985 297 2011 vcro
309 1963 337 2010 =in
355 1973 407 2011 hauc
426 1972 508 2011 eandem
531 1972 576 2012 sere
597 1974 716 2013 senteutiam
739 1988 787 2013 con·

97 2047 157 2086 cessit
172 2045 327 2093 Schulthess.
344 2047 480 2097 (rhbendm.
496 2049 579 2099 p.17.):
595 2048 642 2087 dicit
657 2050 719 2097 enim,
735 2048 787 2088 Pau-

95 2122 137 2161 ium
152 2122 241 2162 scribere
257 2121 345 2161 voluisse
360 2117 403 2165 ἀπὸ
416 2122 457 2164 τῶν
469 2123 512 2165 δον.
524 2147 531 2151 -
543 2147 550 2152 -
562 2118 620 2165 “otta
632 2119 673 2177 ἐγὼ
685 2124 786 2179 διαφέρω,

96 2196 146 2237 atad
156 2197 185 2237 nb
201 2196 241 2237 ntis
257 2195 331 2248 differo
341 2197 361 2235 h.
373 2210 389 2236 e.
406 2196 455 2235 nihil
471 2198 530 2244 cedo,
545 2210 583 2247 par
599 2202 618 2252 et
632 2197 721 2248 aequalis
736 2210 786 2238 sum.

96 2268 135 2308 Sed
158 2271 212 2320 qnod
236 2270 300 2317 addit,
323 2269 407 2308 Panium
430 2283 468 2320 pro
490 2271 550 2322 genit.
568 2271 610 2312 τῶν
631 2273 675 2314 bort.
694 2272 786 2323 potuisse

97 2345 154 2383 etiam
166 2339 208 2387 ἀπὸ
218 2360 237 2386 τ.
249 2346 265 2386 ὃ.
276 2356 363 2394 ponere,
379 2344 399 2381 id
410 2346 471 2395 gratis
487 2344 559 2382 sumsit
572 2345 603 2383 vir
618 2346 699 2395 doctus3
715 2348 787 2386 deinde

97 2432 145 2458 vero
160 2420 181 2457 in
197 2431 240 2470 sqq.
256 2419 316 2458 scribi
331 2419 399 2468 potius
408 2409 507 2457 'debuisse
522 2419 610 2458 videtur:
632 2418 691 2464 οὐδὲν
706 2418 748 2477 γὰρ
759 2447 785 2452 --

97 2507 180 2550 προςαν.
205 2509 250 2548 μοι,
274 2507 318 2532 cum
339 2493 360 2530 in
383 2507 441 2544 prou.
461 2494 516 2532 uuila
534 2495 620 2546 amplius
639 2496 670 2534 vis
689 2496 742 2535 insit.
759 2520 787 2526 -

96 2580 188 2624 προσωπ.
204 2565 256 2619 διὸς
275 2565 335 2623 ἀνὶτρῖ
356 2565 379 2611 οὗ
397 2570 489 2624 tappet.
519 2569 576 2608 Deus
599 2583 641 2609 non
663 2577 721 2610 curat
742 2586 787 2623 per-

96 2648 167 2681 sonam
184 2642 215 2696 (in
231 2644 268 2682 hac
287 2644 339 2682 enim
358 2656 408 2681 vnce
426 2644 457 2683 rn's
475 2644 551 2697 posita)
573 2645 660 2685 hominis
679 2647 691 2685 i.
711 2660 726 2685 e.
746 2660 787 2684 non

97 2718 151 2757 favet
165 2718 241 2756 homiui
256 2726 340 2770 propter
355 2723 459 2757 externam
475 2720 519 2758 eius
534 2720 680 2768 conditionem,
696 2721 788 2773 adeoque
