1723 3054
313 240 371 279 ene.
387 242 423 279 111.
440 256 457 279 v.
474 244 570 280 ειν-το.
650 221 652 223 μ
757 241 784 284 89

98 345 159 383 modo
174 345 234 395 igitur
248 344 298 382 haee
309 344 416 384 difficultas
427 344 518 394 expediri
528 345 615 395 poterit?
631 342 713 383 Oeoum.
725 345 786 383 bene:

98 415 121 461 οὐ
138 415 200 474 μόνον
217 414 239 460 οὐ
256 418 327 472 γέγονε
342 414 361 469 (ὃ
378 415 450 473 νόμος)
467 414 516 461 κατ’
531 415 611 471 αὐτῶν,
628 416 684 462 α’λλά
699 435 723 474 γε
738 415 785 474 τρο-

97 488 138 534 πον
150 488 198 534 τινὰ
214 490 252 535 καὶ
267 489 381 549 συνήργησε
398 489 479 542 αὐταῖς.
499 489 524 535 δι’
544 484 570 534 ὧν
589 490 630 548 γὰρ
649 489 688 535 οὐκ
708 494 784 536 ἔσωσεν

98 563 146 608 οὐδὲ
162 566 296 618 ἐδικαίωσεν,
313 565 347 610 ἐπὶ
360 564 398 624 τὴν
413 567 481 610 πίστιν
492 572 625 622 καταφυγεῖν
636 568 798 622 ιτροετρεψατοἱ

98 641 123 679 of.
140 653 157 680 v.
175 643 207 679 24.
224 664 249 669 -
267 641 285 684 εἰ
300 638 341 698 γὰρ
358 637 424 698 edzino
441 646 477 680 cet.
496 642 514 682 si
530 642 580 682 doto
599 645 650 682 esset
668 641 714 692 tea,
734 655 786 695 quoe

61 704 63 707 Α
97 713 159 755 vitum
176 715 253 769 efficere
266 721 334 769 posset
349 716 383 766 (ef.
400 714 470 754 neor.
488 718 510 764 3,
527 716 554 767 6.)
570 727 597 754 so.
613 715 638 753 ad
653 715 752 754 sinceram
767 720 786 754 et

97 789 207 849 perfectam
227 786 360 847 δικαιοσύνην
380 790 458 841 (qualis
478 803 488 827 e
507 790 579 833 πίστει
596 790 671 841 oritur)
692 790 786 840 fingendo

98 864 191 902 homines
206 862 264 903 Rom.
277 867 296 912 8,
309 867 327 901 2.
352 866 414 914 *Quot
428 865 516 915 potuerit
530 864 574 912 lex,
590 864 641 902 dixit
655 878 673 902 v.
692 867 723 902 10.
740 864 785 902 coll.

98 951 116 976 v.
135 941 165 975 10.
189 960 214 965 —
236 938 260 976 V.
278 941 311 976 22.
342 940 472 981 συνέκλεισεν
490 934 504 994 ἣ
521 934 592 995 γραφὴ
612 934 641 980 τὰ
659 934 785 998 πάνταιοῖο.

100 1011 200 1062 scriptura
215 1025 275 1050 saera
289 1013 373 1053 satiant
387 1013 406 1050 h.
421 1027 437 1051 e.
453 1013 542 1051 subiecta
557 1025 601 1051 esse
616 1012 725 1051 declaravit
740 1026 786 1052 οια-

99 1087 134 1126 αια
149 1099 176 1125 sc.
188 1099 239 1137 quae
250 1087 321 1125 subiici
332 1092 435 1138 poterant,
450 1100 509 1125 omne
520 1089 573 1125 hum.
584 1100 646 1138 genus
657 1085 709 1137 (001.
724 1090 741 1134 1,
754 1090 786 1124 20.

99 1161 123 1199 cf.
139 1160 197 1199 Rom.
211 1165 243 1209 11,
255 1164 287 1199 82.
304 1167 323 1200 et
333 1162 462 1200 Theodor.
474 1163 500 1200 ad
509 1164 528 1200 h.
538 1162 561 1214 1,)
569 1162 598 1211 2⁸)
614 1162 656 1201 siue
672 1161 786 1200 discrimine

100 1235 202 1285 (Judaeos
218 1235 276 1273 etiam
292 1237 326 1286 qui
339 1236 384 1287 lege
404 1237 531 1287 utebanturl)
544 1241 627 1290 peceato
643 1237 662 1274 h.
678 1250 694 1273 e.
710 1236 787 1274 vitiosi-

100 1309 135 1347 tati
150 1317 178 1357 et,
189 1322 243 1360 -quae
257 1310 304 1347 inde
315 1310 392 1371 oritur,
404 1311 479 1360 culpae.
503 1313 574 1365 συγκλ.
586 1310 617 1360 εἷς
626 1325 647 1352 τι
659 1309 699 1361 (Ps.
709 1312 742 1357 30,
756 1312 787 1347 10.

102 1387 137 1432 77,
150 1386 181 1422 55.
199 1385 262 1422 Amos
276 1387 293 1431 1,
307 1384 332 1433 6.)
349 1374 444 1424 translate
460 1390 499 1423 est:
510 1385 608 1438 potestati
622 1384 718 1425 sztbitcere
728 1382 787 1422 Rom.

101 1462 134 1505 11,
146 1459 189 1505 32,
199 1466 218 1495 ἰι
233 1471 272 1508 quo
288 1458 381 1496 vocabuli
398 1471 435 1497 usu
451 1472 488 1497 nes
503 1457 577 1497 Graeci
592 1459 711 1506 abhorrent,
725 1457 786 1495 Diod.

32 1523 34 1525 ¹
100 1530 139 1589 Sic.
156 1535 189 1579 20,
206 1535 238 1570 74.
254 1531 340 1582 Dionys.
356 1532 421 1571 Halia.
439 1536 457 1570 8.
472 1547 492 1583 p.
509 1535 567 1580 520,
583 1533 634 1570 adde
649 1532 787 1575 κατακλείειν

100 1603 157 1664 νόμῳ
173 1606 277 1644 Demosth.
292 1605 343 1645 Phil.
358 1610 375 1654 l,
389 1610 421 1654 10,
435 1610 451 1645 1.
468 1612 487 1644 et
497 1607 591 1645 Aesohin
606 1607 650 1645 fals,
660 1607 698 1658 leg.
709 1621 729 1657 p.
741 1603 788 1645 252.

94 1681 132 1730 ἐἰς
152 1677 259 1737 σννῖιήκην
280 1681 468 1723 κατακλείειν-
486 1680 520 1723 ἵνα
541 1681 596 1739 tant,
619 1695 659 1732 quo
682 1684 789 1732 appareret

102 1756 145 1793 dani
161 1761 197 1793 eto.
227 1753 278 1805 τοῖς“
288 1770 343 1797 otoo
360 1757 429 1795 abesse
444 1756 535 1806 potuisse
551 1757 660 1804 videbitur,
676 1770 722 1794 nam
737 1756 790 1795 inest

100 1830 120 1867 in
136 1844 154 1868 v.
171 1830 196 1871 ἐκ
211 1829 308 1886 attens
330 1829 406 1868 Verum
421 1830 473 1868 solet
483 1831 554 1880 Apost.
570 1831 697 1877 sententiam,
712 1831 732 1867 in
749 1843 789 1880 qua

100 1916 173 1954 magna
188 1904 285 1954 quaedam
301 1886 388 1954 gravitas
403 1904 479 1953 posita,
496 1904 526 1942 bis
540 1904 617 1954 eloqui;
633 1904 656 1942 of.
667 1917 729 1954 supra
739 1918 757 1942 v.
769 1907 787 1941 0.

102 1976 194 2016 ειεκοω.
207 1981 225 2025 1,
235 1981 270 2023 ιτ.
285 1976 336 2014 Phil.
349 1979 366 2015 3.
379 1980 396 2015 a.

158 2098 182 2136 V·
195 2100 228 2137 23.
247 2094 286 2153 πρὸ
297 2098 334 2140 τοῦ
351 2097 373 2140 δὲ
390 2098 434 2143 etit.
450 2097 514 2136 Pauci
528 2098 575 2137 libri
589 2095 628 2154 προ
645 2097 668 2141 δὲ
682 2100 720 2141 τοῦ
737 2100 789 2151 stt,

101 2173 137 2213 sed
152 2172 201 2210 nihil
216 2173 342 2220 mutandum
363 2185 424 2223 saepe
438 2173 513 2212 factum
529 2173 607 2223 (invitis
622 2173 714 2211 nimirum
729 2173 790 2212 libra·

101 2247 161 2298 riis),
181 2252 202 2284 ut
218 2247 242 2288 δέ
255 2252 303 2297 post
318 2248 358 2285 duo
375 2252 409 2285 aut
423 2248 462 2285 tria
479 2249 551 2295 verba,
570 2261 620 2297 quae
635 2253 688 2285 arete
703 2247 790 2287 invicem

32 2358 37 2363 ,
101 2322 168 2359 iuncta
190 2327 247 2368 sunt,
270 2326 379 2371 poneretur
401 2334 419 2359 v.
442 2320 528 2372 Poppo
551 2321 577 2358 ad
599 2321 694 2369 Thuo.I,
710 2336 729 2372 p.
742 2324 789 2361 302.

149 2564 177 2604 28)
194 2562 301 2595 Calvinus
317 2566 398 2594 neutrum
412 2558 470 2596 πάντα
484 2562 598 2603 premendum
614 2573 652 2595 osse
666 2565 740 2606 putavit.
763 2564 791 2596 Ita

102 2621 148 2652 enim
163 2620 200 2652 ille:
215 2622 291 2661 ,onznia
308 2619 380 2652 dicendo
393 2620 432 2661 plus
444 2620 538 2661 expressit,
552 2630 604 2661 quam
617 2621 632 2652 si
644 2630 701 2654 οινιιεο
714 2621 790 2653 dixisset.

102 2677 163 2719 Neque
176 2678 223 2709 enim
235 2679 282 2710 solos
294 2678 382 2718 homines,
396 2677 427 2709 sed
439 2687 552 2718 quaeeunque
564 2677 629 2710 habent
638 2679 665 2710 vel
678 2678 738 2711 afferre
750 2688 791 2720 pos-

103 2739 151 2777 sunt,
165 2735 264 2778 complexus
277 2737 322 2769 est.“
346 2735 367 2768 V.
381 2735 434 2767 etiam
445 2733 537 2777 Bengel.
