<?xml version="1.0" encoding="UTF-8"?>
<!DOCTYPE html PUBLIC "-//W3C//DTD XHTML 1.0 Transitional//EN"
    "http://www.w3.org/TR/xhtml1/DTD/xhtml1-transitional.dtd">
<html xmlns="http://www.w3.org/1999/xhtml" xml:lang="en" lang="en">
 <head>
  <title>
</title>
<meta http-equiv="Content-Type" content="text/html;charset=utf-8" />
  <meta name='ocr-system' content='tesseract 3.04.00' />
  <meta name='ocr-capabilities' content='ocr_page ocr_carea ocr_par ocr_line ocrx_word'/>
</head>
<body>
  <div class='ocr_page' id='page_1' title='image "MN41966ucmf_4_0173.png"; bbox 0 0 1723 3054; ppageno 0'>
   <div class='ocr_carea' id='block_1_1' title="bbox 320 229 802 292">
    <p class='ocr_par' dir='ltr' id='par_1_1' title="bbox 320 229 802 292">
     <span class='ocr_line' id='line_1_1' title="bbox 320 229 802 292; baseline -0.004 -18"><span class='ocrx_word' id='word_1_1' title='bbox 320 235 464 276; x_wconf 76' lang='lat' dir='ltr'>exenesos</span> <span class='ocrx_word' id='word_1_2' title='bbox 479 237 495 275; x_wconf 87' lang='lat'>1.</span> <span class='ocrx_word' id='word_1_3' title='bbox 513 285 515 289; x_wconf 21' lang='lat'><strong><em>¹</em></strong></span> <span class='ocrx_word' id='word_1_4' title='bbox 681 229 685 232; x_wconf 80' lang='grc'><strong>’</strong></span> <span class='ocrx_word' id='word_1_5' title='bbox 712 229 753 273; x_wconf 73' lang='grc'>145</span> <span class='ocrx_word' id='word_1_6' title='bbox 798 287 802 292; x_wconf 79' lang='lat'><em>.</em></span> 
     </span>
    </p>
   </div>
   <div class='ocr_carea' id='block_1_2' title="bbox 64 332 767 987">
    <p class='ocr_par' dir='ltr' id='par_1_2' title="bbox 64 332 767 987">
     <span class='ocr_line' id='line_1_2' title="bbox 65 332 767 396; baseline -0.001 -14"><span class='ocrx_word' id='word_1_7' title='bbox 65 336 87 383; x_wconf 76' lang='grc' dir='ltr'>οὗ</span> <span class='ocrx_word' id='word_1_8' title='bbox 104 336 145 395; x_wconf 79' lang='grc' dir='ltr'>γὰρ</span> <span class='ocrx_word' id='word_1_9' title='bbox 162 337 260 395; x_wconf 79' lang='grc' dir='ltr'>ἀγγέλοις</span> <span class='ocrx_word' id='word_1_10' title='bbox 275 340 368 393; x_wconf 76' lang='grc' dir='ltr'>υπέταξε</span> <span class='ocrx_word' id='word_1_11' title='bbox 388 336 410 391; x_wconf 79' lang='lat' dir='ltr'>(b</span> <span class='ocrx_word' id='word_1_12' title='bbox 428 337 492 391; x_wconf 66' lang='grc' dir='ltr'>ἷυεος)</span> <span class='ocrx_word' id='word_1_13' title='bbox 511 337 549 396; x_wconf 78' lang='grc' dir='ltr'>τὴν</span> <span class='ocrx_word' id='word_1_14' title='bbox 569 338 694 394; x_wconf 74' lang='grc' dir='ltr'>οἰκουμένην</span> <span class='ocrx_word' id='word_1_15' title='bbox 713 332 767 392; x_wconf 82' lang='grc' dir='ltr'>τὴν,</span> 
     </span>
     <span class='ocr_line' id='line_1_3' title="bbox 65 408 750 472; baseline -0.013 -15"><span class='ocrx_word' id='word_1_16' title='bbox 65 416 192 470; x_wconf 81' lang='grc' dir='ltr'>μέλλουσαν,</span> <span class='ocrx_word' id='word_1_17' title='bbox 208 414 256 469; x_wconf 78' lang='grc' dir='ltr'>περὶ</span> <span class='ocrx_word' id='word_1_18' title='bbox 270 408 297 472; x_wconf 75' lang='grc' dir='ltr'>ἧς</span> <span class='ocrx_word' id='word_1_19' title='bbox 312 416 427 472; x_wconf 67' lang='grc' dir='ltr'>λαλοῦμεν,</span> <span class='ocrx_word' id='word_1_20' title='bbox 443 416 470 453; x_wconf 84' lang='lat' dir='ltr'>ita</span> <span class='ocrx_word' id='word_1_21' title='bbox 485 415 573 465; x_wconf 82' lang='lat' dir='ltr'>explieat</span> <span class='ocrx_word' id='word_1_22' title='bbox 586 414 621 452; x_wconf 89' lang='lat' dir='ltr'>V.:</span> <span class='ocrx_word' id='word_1_23' title='bbox 638 411 750 460; x_wconf 66' lang='lat' dir='ltr'>„derVeriZ</span> 
     </span>
     <span class='ocr_line' id='line_1_4' title="bbox 64 482 751 540; baseline -0.006 -13"><span class='ocrx_word' id='word_1_24' title='bbox 64 482 99 528; x_wconf 79' lang='lat' dir='ltr'>des</span> <span class='ocrx_word' id='word_1_25' title='bbox 115 488 148 528; x_wconf 70' lang='grc' dir='ltr'>ΒΓ,</span> <span class='ocrx_word' id='word_1_26' title='bbox 166 503 192 527; x_wconf 87' lang='lat' dir='ltr'>an</span> <span class='ocrx_word' id='word_1_27' title='bbox 207 490 239 540; x_wconf 87' lang='lat' dir='ltr'>die</span> <span class='ocrx_word' id='word_1_28' title='bbox 254 490 345 529; x_wconf 70' lang='lat' dir='ltr'>Hebriier</span> <span class='ocrx_word' id='word_1_29' title='bbox 361 491 430 528; x_wconf 84' lang='lat' dir='ltr'>daobte</span> <span class='ocrx_word' id='word_1_30' title='bbox 449 490 491 528; x_wconf 79' lang='lat' dir='ltr'>sich</span> <span class='ocrx_word' id='word_1_31' title='bbox 511 489 614 539; x_wconf 79' lang='lat' dir='ltr'>deswegen</span> <span class='ocrx_word' id='word_1_32' title='bbox 634 487 666 525; x_wconf 91' lang='lat' dir='ltr'>die</span> <span class='ocrx_word' id='word_1_33' title='bbox 685 487 751 537; x_wconf 81' lang='lat' dir='ltr'>Engei</span> 
     </span>
     <span class='ocr_line' id='line_1_5' title="bbox 64 562 750 611; baseline -0.006 -10"><span class='ocrx_word' id='word_1_34' title='bbox 64 564 94 602; x_wconf 86' lang='lat' dir='ltr'>ais</span> <span class='ocrx_word' id='word_1_35' title='bbox 112 563 223 603; x_wconf 83' lang='lat' dir='ltr'>Vorsteher</span> <span class='ocrx_word' id='word_1_36' title='bbox 242 566 276 603; x_wconf 83' lang='lat' dir='ltr'>der</span> <span class='ocrx_word' id='word_1_37' title='bbox 294 564 488 604; x_wconf 82' lang='lat' dir='ltr'>vormessianisehen</span> <span class='ocrx_word' id='word_1_38' title='bbox 506 563 566 611; x_wconf 75' lang='lat' dir='ltr'>weit,</span> <span class='ocrx_word' id='word_1_39' title='bbox 590 563 636 602; x_wconf 83' lang='lat' dir='ltr'>weil</span> <span class='ocrx_word' id='word_1_40' title='bbox 650 575 671 599; x_wconf 89' lang='lat' dir='ltr'>er</span> <span class='ocrx_word' id='word_1_41' title='bbox 686 563 714 599; x_wconf 90' lang='lat' dir='ltr'>sie</span> <span class='ocrx_word' id='word_1_42' title='bbox 730 562 750 597; x_wconf 91' lang='lat' dir='ltr'>in</span> 
     </span>
     <span class='ocr_line' id='line_1_6' title="bbox 65 628 750 677; baseline -0.004 -1"><span class='ocrx_word' id='word_1_43' title='bbox 65 638 180 677; x_wconf 87' lang='lat' dir='ltr'>demseiben</span> <span class='ocrx_word' id='word_1_44' title='bbox 196 637 257 677; x_wconf 81' lang='lat' dir='ltr'>Sinne</span> <span class='ocrx_word' id='word_1_45' title='bbox 273 640 302 677; x_wconf 77' lang='lat' dir='ltr'>ais</span> <span class='ocrx_word' id='word_1_46' title='bbox 318 638 410 677; x_wconf 86' lang='lat' dir='ltr'>Urheber</span> <span class='ocrx_word' id='word_1_47' title='bbox 426 628 460 676; x_wconf 73' lang='lat' dir='ltr'>dei</span> <span class='ocrx_word' id='word_1_48' title='bbox 477 638 601 676; x_wconf 85' lang='lat' dir='ltr'>mosaischen</span> <span class='ocrx_word' id='word_1_49' title='bbox 617 635 750 675; x_wconf 79' lang='lat' dir='ltr'>Constitution</span> 
     </span>
     <span class='ocr_line' id='line_1_7' title="bbox 65 710 752 762; baseline -0.003 -12"><span class='ocrx_word' id='word_1_50' title='bbox 65 713 196 761; x_wconf 76' lang='lat' dir='ltr'>betraohtete‚</span> <span class='ocrx_word' id='word_1_51' title='bbox 212 714 233 751; x_wconf 91' lang='lat' dir='ltr'>in</span> <span class='ocrx_word' id='word_1_52' title='bbox 250 714 343 753; x_wconf 81' lang='lat' dir='ltr'>welehem</span> <span class='ocrx_word' id='word_1_53' title='bbox 360 715 395 751; x_wconf 88' lang='lat' dir='ltr'>der</span> <span class='ocrx_word' id='word_1_54' title='bbox 405 713 489 751; x_wconf 83' lang='lat' dir='ltr'>Messias</span> <span class='ocrx_word' id='word_1_55' title='bbox 500 710 634 762; x_wconf 80' lang='lat' dir='ltr'>Gesetzgeber</span> <span class='ocrx_word' id='word_1_56' title='bbox 651 712 685 749; x_wconf 89' lang='lat' dir='ltr'>des</span> <span class='ocrx_word' id='word_1_57' title='bbox 701 723 752 748; x_wconf 92' lang='lat' dir='ltr'>mes-</span> 
     </span>
     <span class='ocr_line' id='line_1_8' title="bbox 64 786 751 838; baseline -0.001 -14"><span class='ocrx_word' id='word_1_58' title='bbox 64 787 176 826; x_wconf 84' lang='lat' dir='ltr'>sianisehen</span> <span class='ocrx_word' id='word_1_59' title='bbox 189 788 278 827; x_wconf 79' lang='lat' dir='ltr'>WeitaMs</span> <span class='ocrx_word' id='word_1_60' title='bbox 295 788 402 838; x_wconf 82' lang='lat' dir='ltr'>geworden</span> <span class='ocrx_word' id='word_1_61' title='bbox 419 788 449 825; x_wconf 82' lang='lat' dir='ltr'>ist.</span> <span class='ocrx_word' id='word_1_62' title='bbox 474 786 524 824; x_wconf 80' lang='lat' dir='ltr'>Also</span> <span class='ocrx_word' id='word_1_63' title='bbox 541 786 571 836; x_wconf 68' lang='lat' dir='ltr'>ti)</span> <span class='ocrx_word' id='word_1_64' title='bbox 588 787 623 824; x_wconf 80' lang='lat' dir='ltr'>das</span> <span class='ocrx_word' id='word_1_65' title='bbox 638 786 751 824; x_wconf 85' lang='lat' dir='ltr'>mosaisobe</span> 
     </span>
     <span class='ocr_line' id='line_1_9' title="bbox 65 847 751 913; baseline -0.001 -14"><span class='ocrx_word' id='word_1_66' title='bbox 65 860 139 900; x_wconf 87' lang='lat' dir='ltr'>Gesetz</span> <span class='ocrx_word' id='word_1_67' title='bbox 154 863 179 902; x_wconf 91' lang='lat' dir='ltr'>ist</span> <span class='ocrx_word' id='word_1_68' title='bbox 194 847 247 900; x_wconf 80' lang='lat' dir='ltr'>nach</span> <span class='ocrx_word' id='word_1_69' title='bbox 263 864 297 900; x_wconf 87' lang='lat' dir='ltr'>der</span> <span class='ocrx_word' id='word_1_70' title='bbox 308 861 403 913; x_wconf 81' lang='lat' dir='ltr'>Meinung</span> <span class='ocrx_word' id='word_1_71' title='bbox 420 860 552 900; x_wconf 86' lang='lat' dir='ltr'>unsersVerf.</span> <span class='ocrx_word' id='word_1_72' title='bbox 569 874 608 898; x_wconf 79' lang='lat' dir='ltr'>von</span> <span class='ocrx_word' id='word_1_73' title='bbox 625 861 663 898; x_wconf 87' lang='lat' dir='ltr'>den</span> <span class='ocrx_word' id='word_1_74' title='bbox 674 861 751 912; x_wconf 79' lang='lat' dir='ltr'>Engeln</span> 
     </span>
     <span class='ocr_line' id='line_1_10' title="bbox 65 933 752 987; baseline -0.003 -14"><span class='ocrx_word' id='word_1_75' title='bbox 65 936 155 987; x_wconf 80' lang='lat' dir='ltr'>gegeben</span> <span class='ocrx_word' id='word_1_76' title='bbox 167 937 270 976; x_wconf 73' lang='lat' dir='ltr'>worden.“</span> <span class='ocrx_word' id='word_1_77' title='bbox 293 934 313 974; x_wconf 78' lang='lat' dir='ltr'>Si</span> <span class='ocrx_word' id='word_1_78' title='bbox 330 933 419 986; x_wconf 75' lang='lat' dir='ltr'>qnaeris,</span> <span class='ocrx_word' id='word_1_79' title='bbox 436 948 470 973; x_wconf 84' lang='lat' dir='ltr'>em·</span> <span class='ocrx_word' id='word_1_80' title='bbox 486 936 536 972; x_wconf 87' lang='lat' dir='ltr'>hane</span> <span class='ocrx_word' id='word_1_81' title='bbox 551 936 677 985; x_wconf 88' lang='lat' dir='ltr'>potissimum</span> <span class='ocrx_word' id='word_1_82' title='bbox 692 936 752 973; x_wconf 88' lang='lat' dir='ltr'>inter-</span> 
     </span>
    </p>
   </div>
   <div class='ocr_carea' id='block_1_3' title="bbox 64 1010 752 1061">
    <p class='ocr_par' dir='ltr' id='par_1_3' title="bbox 64 1010 752 1061">
     <span class='ocr_line' id='line_1_11' title="bbox 64 1010 752 1061; baseline 0 -14"><span class='ocrx_word' id='word_1_83' title='bbox 64 1011 196 1060; x_wconf 80' lang='lat' dir='ltr'>pretationem</span> <span class='ocrx_word' id='word_1_84' title='bbox 219 1011 321 1061; x_wconf 79' lang='lat' dir='ltr'>ingressus</span> <span class='ocrx_word' id='word_1_85' title='bbox 344 1011 404 1048; x_wconf 82' lang='lat' dir='ltr'>fuerit</span> <span class='ocrx_word' id='word_1_86' title='bbox 427 1010 457 1047; x_wconf 84' lang='lat' dir='ltr'>vir</span> <span class='ocrx_word' id='word_1_87' title='bbox 480 1010 550 1047; x_wconf 83' lang='lat' dir='ltr'>doetus</span> <span class='ocrx_word' id='word_1_88' title='bbox 574 1011 630 1060; x_wconf 84' lang='lat' dir='ltr'>(nam</span> <span class='ocrx_word' id='word_1_89' title='bbox 653 1024 663 1047; x_wconf 90' lang='lat' dir='ltr'>e</span> <span class='ocrx_word' id='word_1_90' title='bbox 686 1010 752 1048; x_wconf 85' lang='lat' dir='ltr'>verbis</span> 
     </span>
    </p>
   </div>
   <div class='ocr_carea' id='block_1_4' title="bbox 64 1084 811 1135">
    <p class='ocr_par' dir='ltr' id='par_1_4' title="bbox 64 1084 811 1135">
     <span class='ocr_line' id='line_1_12' title="bbox 64 1084 811 1135; baseline -0.001 -14"><span class='ocrx_word' id='word_1_91' title='bbox 64 1085 200 1135; x_wconf 78' lang='lat' dir='ltr'>graeeis&#39;eam</span> <span class='ocrx_word' id='word_1_92' title='bbox 219 1090 290 1135; x_wconf 90' lang='lat' dir='ltr'>sponte</span> <span class='ocrx_word' id='word_1_93' title='bbox 309 1085 382 1132; x_wconf 75' lang='lat' dir='ltr'>fluere,</span> <span class='ocrx_word' id='word_1_94' title='bbox 405 1091 459 1122; x_wconf 89' lang='lat' dir='ltr'>reete</span> <span class='ocrx_word' id='word_1_95' title='bbox 478 1084 587 1134; x_wconf 81' lang='lat' dir='ltr'>dubitabis)</span> <span class='ocrx_word' id='word_1_96' title='bbox 606 1084 650 1134; x_wconf 90' lang='lat' dir='ltr'>ipse</span> <span class='ocrx_word' id='word_1_97' title='bbox 668 1097 687 1134; x_wconf 90' lang='lat' dir='ltr'>p.</span> <span class='ocrx_word' id='word_1_98' title='bbox 707 1088 752 1122; x_wconf 73' lang='lat'>141.</span> <span class='ocrx_word' id='word_1_99' title='bbox 810 1092 811 1096; x_wconf 74' lang='grc'>’</span> 
     </span>
    </p>
   </div>
   <div class='ocr_carea' id='block_1_5' title="bbox 64 1156 755 2176">
    <p class='ocr_par' dir='ltr' id='par_1_5' title="bbox 64 1156 755 2176">
     <span class='ocr_line' id='line_1_13' title="bbox 66 1156 752 1209; baseline -0.001 -13"><span class='ocrx_word' id='word_1_100' title='bbox 66 1161 183 1209; x_wconf 82' lang='lat' dir='ltr'>respondet:</span> <span class='ocrx_word' id='word_1_101' title='bbox 203 1158 281 1207; x_wconf 68' lang='lat' dir='ltr'>„Hatte</span> <span class='ocrx_word' id='word_1_102' title='bbox 297 1173 318 1196; x_wconf 83' lang='lat' dir='ltr'>er</span> <span class='ocrx_word' id='word_1_103' title='bbox 334 1159 375 1198; x_wconf 81' lang='lat' dir='ltr'>sich</span> <span class='ocrx_word' id='word_1_104' title='bbox 392 1157 442 1196; x_wconf 80' lang='lat' dir='ltr'>Gott</span> <span class='ocrx_word' id='word_1_105' title='bbox 456 1158 518 1196; x_wconf 87' lang='lat' dir='ltr'>selbst</span> <span class='ocrx_word' id='word_1_106' title='bbox 533 1157 562 1196; x_wconf 87' lang='lat' dir='ltr'>als</span> <span class='ocrx_word' id='word_1_107' title='bbox 579 1158 617 1196; x_wconf 86' lang='lat' dir='ltr'>den</span> <span class='ocrx_word' id='word_1_108' title='bbox 633 1156 701 1196; x_wconf 83' lang='lat' dir='ltr'>Geber</span> <span class='ocrx_word' id='word_1_109' title='bbox 717 1159 752 1195; x_wconf 86' lang='lat' dir='ltr'>der</span> 
     </span>
     <span class='ocr_line' id='line_1_14' title="bbox 65 1231 751 1285; baseline -0.001 -14"><span class='ocrx_word' id='word_1_110' title='bbox 65 1233 190 1272; x_wconf 79' lang='lat' dir='ltr'>mosaisehen</span> <span class='ocrx_word' id='word_1_111' title='bbox 206 1231 339 1272; x_wconf 82' lang='lat' dir='ltr'>Constitution</span> <span class='ocrx_word' id='word_1_112' title='bbox 355 1233 449 1285; x_wconf 80' lang='lat' dir='ltr'>gedacht‚</span> <span class='ocrx_word' id='word_1_113' title='bbox 469 1233 506 1271; x_wconf 87' lang='lat' dir='ltr'>wie</span> <span class='ocrx_word' id='word_1_114' title='bbox 521 1234 597 1270; x_wconf 87' lang='lat' dir='ltr'>konnte</span> <span class='ocrx_word' id='word_1_115' title='bbox 613 1245 635 1270; x_wconf 91' lang='lat' dir='ltr'>er</span> <span class='ocrx_word' id='word_1_116' title='bbox 651 1235 704 1271; x_wconf 87' lang='lat' dir='ltr'>dann</span> <span class='ocrx_word' id='word_1_117' title='bbox 720 1233 751 1270; x_wconf 87' lang='lat' dir='ltr'>die</span> 
     </span>
     <span class='ocr_line' id='line_1_15' title="bbox 64 1296 752 1358; baseline -0.003 -13"><span class='ocrx_word' id='word_1_118' title='bbox 64 1320 111 1345; x_wconf 86' lang='lat' dir='ltr'>vom</span> <span class='ocrx_word' id='word_1_119' title='bbox 130 1308 213 1346; x_wconf 81' lang='lat' dir='ltr'>Messias</span> <span class='ocrx_word' id='word_1_120' title='bbox 236 1308 337 1358; x_wconf 75' lang='lat' dir='ltr'>gegebene</span> <span class='ocrx_word' id='word_1_121' title='bbox 354 1296 421 1345; x_wconf 85' lang='lat' dir='ltr'>Lehre</span> <span class='ocrx_word' id='word_1_122' title='bbox 440 1307 470 1357; x_wconf 78' lang='lat' dir='ltr'>(P)</span> <span class='ocrx_word' id='word_1_123' title='bbox 494 1304 526 1344; x_wconf 86' lang='lat' dir='ltr'>fiir</span> <span class='ocrx_word' id='word_1_124' title='bbox 545 1319 567 1345; x_wconf 91' lang='lat' dir='ltr'>so</span> <span class='ocrx_word' id='word_1_125' title='bbox 587 1307 626 1345; x_wconf 82' lang='lat' dir='ltr'>viel</span> <span class='ocrx_word' id='word_1_126' title='bbox 646 1306 752 1357; x_wconf 75' lang='lat' dir='ltr'>verpiinter</span> 
     </span>
     <span class='ocr_line' id='line_1_16' title="bbox 65 1380 751 1432; baseline 0 -14"><span class='ocrx_word' id='word_1_127' title='bbox 65 1382 132 1419; x_wconf 85' lang='lat' dir='ltr'>haiten</span> <span class='ocrx_word' id='word_1_128' title='bbox 148 1383 188 1420; x_wconf 85' lang='lat' dir='ltr'>und</span> <span class='ocrx_word' id='word_1_129' title='bbox 203 1382 326 1432; x_wconf 85' lang='lat' dir='ltr'>behaupten‚</span> <span class='ocrx_word' id='word_1_130' title='bbox 344 1395 401 1420; x_wconf 86' lang='lat' dir='ltr'>wenn</span> <span class='ocrx_word' id='word_1_131' title='bbox 416 1382 479 1419; x_wconf 81' lang='lat' dir='ltr'>sehon</span> <span class='ocrx_word' id='word_1_132' title='bbox 495 1380 643 1432; x_wconf 80' lang='lat' dir='ltr'>Uebertretung</span> <span class='ocrx_word' id='word_1_133' title='bbox 659 1382 693 1420; x_wconf 85' lang='lat' dir='ltr'>des</span> <span class='ocrx_word' id='word_1_134' title='bbox 705 1393 751 1419; x_wconf 91' lang='lat' dir='ltr'>mo-</span> 
     </span>
     <span class='ocr_line' id='line_1_17' title="bbox 65 1454 752 1507; baseline -0.003 -13"><span class='ocrx_word' id='word_1_135' title='bbox 65 1456 156 1494; x_wconf 80' lang='lat' dir='ltr'>saischen</span> <span class='ocrx_word' id='word_1_136' title='bbox 172 1454 268 1495; x_wconf 83' lang='lat' dir='ltr'>Gesetzes</span> <span class='ocrx_word' id='word_1_137' title='bbox 284 1454 348 1494; x_wconf 80' lang='lat' dir='ltr'>Strafe</span> <span class='ocrx_word' id='word_1_138' title='bbox 368 1456 418 1494; x_wconf 81' lang='lat' dir='ltr'>nach</span> <span class='ocrx_word' id='word_1_139' title='bbox 437 1455 479 1493; x_wconf 89' lang='lat' dir='ltr'>sieh</span> <span class='ocrx_word' id='word_1_140' title='bbox 497 1468 586 1507; x_wconf 82' lang='lat' dir='ltr'>gezogen</span> <span class='ocrx_word' id='word_1_141' title='bbox 601 1456 651 1493; x_wconf 83' lang='lat' dir='ltr'>habe</span> <span class='ocrx_word' id='word_1_142' title='bbox 668 1462 697 1506; x_wconf 75' lang='lat' dir='ltr'>(v.</span> <span class='ocrx_word' id='word_1_143' title='bbox 715 1457 752 1505; x_wconf 72' lang='grc'>2.),</span> 
     </span>
     <span class='ocr_line' id='line_1_18' title="bbox 66 1529 753 1581; baseline -0.001 -13"><span class='ocrx_word' id='word_1_144' title='bbox 66 1543 89 1568; x_wconf 89' lang='lat' dir='ltr'>so</span> <span class='ocrx_word' id='word_1_145' title='bbox 105 1531 173 1568; x_wconf 80' lang='lat' dir='ltr'>werde</span> <span class='ocrx_word' id='word_1_146' title='bbox 188 1530 386 1581; x_wconf 72' lang='lat' dir='ltr'>Vernaohiassigung</span> <span class='ocrx_word' id='word_1_147' title='bbox 406 1530 441 1567; x_wconf 80' lang='lat' dir='ltr'>der</span> <span class='ocrx_word' id='word_1_148' title='bbox 456 1529 621 1580; x_wconf 81' lang='lat' dir='ltr'>heilbringenden</span> <span class='ocrx_word' id='word_1_149' title='bbox 636 1529 702 1568; x_wconf 87' lang='lat' dir='ltr'>Lehre</span> <span class='ocrx_word' id='word_1_150' title='bbox 718 1530 753 1568; x_wconf 88' lang='lat' dir='ltr'>des</span> 
     </span>
     <span class='ocr_line' id='line_1_19' title="bbox 66 1591 753 1655; baseline 0.003 -15"><span class='ocrx_word' id='word_1_151' title='bbox 66 1604 151 1642; x_wconf 80' lang='lat' dir='ltr'>Messias</span> <span class='ocrx_word' id='word_1_152' title='bbox 167 1604 219 1642; x_wconf 79' lang='lat' dir='ltr'>noch</span> <span class='ocrx_word' id='word_1_153' title='bbox 235 1604 273 1642; x_wconf 85' lang='lat' dir='ltr'>viel</span> <span class='ocrx_word' id='word_1_154' title='bbox 285 1604 372 1654; x_wconf 75' lang='lat' dir='ltr'>weniger</span> <span class='ocrx_word' id='word_1_155' title='bbox 384 1591 510 1654; x_wconf 82' lang='lat' dir='ltr'>ungeahndet</span> <span class='ocrx_word' id='word_1_156' title='bbox 520 1604 635 1655; x_wconf 73' lang='lat' dir='ltr'>hingehn?“</span> <span class='ocrx_word' id='word_1_157' title='bbox 659 1606 685 1642; x_wconf 87' lang='lat' dir='ltr'>At</span> <span class='ocrx_word' id='word_1_158' title='bbox 701 1605 753 1642; x_wconf 89' lang='lat' dir='ltr'>enim</span> 
     </span>
     <span class='ocr_line' id='line_1_20' title="bbox 66 1664 755 1730; baseline 0.003 -15"><span class='ocrx_word' id='word_1_159' title='bbox 66 1691 114 1715; x_wconf 92' lang='lat' dir='ltr'>vero</span> <span class='ocrx_word' id='word_1_160' title='bbox 130 1664 160 1716; x_wconf 89' lang='lat' dir='ltr'>sio</span> <span class='ocrx_word' id='word_1_161' title='bbox 175 1678 369 1729; x_wconf 66' lang='lat' dir='ltr'>existimare—potuit</span> <span class='ocrx_word' id='word_1_162' title='bbox 384 1679 504 1728; x_wconf 80' lang='lat' dir='ltr'>Apostolus,</span> <span class='ocrx_word' id='word_1_163' title='bbox 520 1679 537 1716; x_wconf 92' lang='lat' dir='ltr'>si</span> <span class='ocrx_word' id='word_1_164' title='bbox 552 1678 616 1730; x_wconf 82' lang='lat' dir='ltr'>legem</span> <span class='ocrx_word' id='word_1_165' title='bbox 632 1692 692 1727; x_wconf 81' lang='lat' dir='ltr'>mos,</span> <span class='ocrx_word' id='word_1_166' title='bbox 707 1679 755 1717; x_wconf 84' lang='lat' dir='ltr'>lieet</span> 
     </span>
     <span class='ocr_line' id='line_1_21' title="bbox 66 1752 754 1803; baseline 0.001 -13"><span class='ocrx_word' id='word_1_167' title='bbox 66 1766 78 1790; x_wconf 92' lang='lat' dir='ltr'>a</span> <span class='ocrx_word' id='word_1_168' title='bbox 93 1752 137 1789; x_wconf 87' lang='lat' dir='ltr'>Deo</span> <span class='ocrx_word' id='word_1_169' title='bbox 153 1754 198 1803; x_wconf 89' lang='lat' dir='ltr'>ipso</span> <span class='ocrx_word' id='word_1_170' title='bbox 215 1753 290 1801; x_wconf 75' lang='lat' dir='ltr'>datam,</span> <span class='ocrx_word' id='word_1_171' title='bbox 309 1758 374 1791; x_wconf 89' lang='lat' dir='ltr'>tamen</span> <span class='ocrx_word' id='word_1_172' title='bbox 391 1753 497 1802; x_wconf 80' lang='lat' dir='ltr'>disciplina</span> <span class='ocrx_word' id='word_1_173' title='bbox 512 1752 620 1791; x_wconf 81' lang='lat' dir='ltr'>christiana</span> <span class='ocrx_word' id='word_1_174' title='bbox 633 1753 702 1803; x_wconf 86' lang='lat' dir='ltr'>paniio</span> <span class='ocrx_word' id='word_1_175' title='bbox 718 1755 754 1791; x_wconf 92' lang='lat' dir='ltr'>im-</span> 
     </span>
     <span class='ocr_line' id='line_1_22' title="bbox 65 1825 754 1877; baseline 0.001 -13"><span class='ocrx_word' id='word_1_176' title='bbox 65 1825 208 1877; x_wconf 82' lang='lat' dir='ltr'>perfectiorem</span> <span class='ocrx_word' id='word_1_177' title='bbox 231 1839 274 1866; x_wconf 86' lang='lat' dir='ltr'>esse</span> <span class='ocrx_word' id='word_1_178' title='bbox 298 1828 330 1877; x_wconf 80' lang='lat' dir='ltr'>(ut</span> <span class='ocrx_word' id='word_1_179' title='bbox 349 1840 400 1877; x_wconf 86' lang='lat' dir='ltr'>quae</span> <span class='ocrx_word' id='word_1_180' title='bbox 418 1827 443 1864; x_wconf 84' lang='lat' dir='ltr'>ad</span> <span class='ocrx_word' id='word_1_181' title='bbox 462 1834 539 1877; x_wconf 87' lang='lat' dir='ltr'>tempus</span> <span class='ocrx_word' id='word_1_182' title='bbox 558 1828 695 1866; x_wconf 81' lang='lat' dir='ltr'>tantummodo</span> <span class='ocrx_word' id='word_1_183' title='bbox 714 1828 754 1865; x_wconf 85' lang='lat' dir='ltr'>lata</span> 
     </span>
     <span class='ocr_line' id='line_1_23' title="bbox 67 1896 753 1955; baseline 0.001 -16"><span class='ocrx_word' id='word_1_184' title='bbox 67 1906 120 1940; x_wconf 85' lang='lat' dir='ltr'>esset</span> <span class='ocrx_word' id='word_1_185' title='bbox 135 1907 155 1938; x_wconf 89' lang='lat' dir='ltr'>et</span> <span class='ocrx_word' id='word_1_186' title='bbox 170 1896 204 1942; x_wconf 73' lang='grc' dir='ltr'>τὶν</span> <span class='ocrx_word' id='word_1_187' title='bbox 219 1897 282 1955; x_wconf 80' lang='grc' dir='ltr'>νόμον</span> <span class='ocrx_word' id='word_1_188' title='bbox 298 1900 338 1955; x_wconf 74' lang='grc' dir='ltr'>τῆς</span> <span class='ocrx_word' id='word_1_189' title='bbox 353 1901 443 1949; x_wconf 76' lang='grc' dir='ltr'>πίστεως</span> <span class='ocrx_word' id='word_1_190' title='bbox 458 1913 580 1951; x_wconf 84' lang='lat' dir='ltr'>praeparare</span> <span class='ocrx_word' id='word_1_191' title='bbox 596 1902 686 1952; x_wconf 84' lang='lat' dir='ltr'>deberet)</span> <span class='ocrx_word' id='word_1_192' title='bbox 702 1903 753 1940; x_wconf 87' lang='lat' dir='ltr'>iudi-</span> 
     </span>
     <span class='ocr_line' id='line_1_24' title="bbox 67 1974 753 2025; baseline 0.003 -13"><span class='ocrx_word' id='word_1_193' title='bbox 67 1981 121 2013; x_wconf 80' lang='lat' dir='ltr'>caret</span> <span class='ocrx_word' id='word_1_194' title='bbox 136 1974 197 2014; x_wconf 89' lang='lat' dir='ltr'>Hebr.</span> <span class='ocrx_word' id='word_1_195' title='bbox 215 1977 234 2021; x_wconf 78' lang='lat'>7,</span> <span class='ocrx_word' id='word_1_196' title='bbox 253 1977 283 2013; x_wconf 80' lang='lat'>18.</span> <span class='ocrx_word' id='word_1_197' title='bbox 303 1978 333 2012; x_wconf 79' lang='lat'>19.</span> <span class='ocrx_word' id='word_1_198' title='bbox 351 1978 383 2020; x_wconf 73' lang='grc'>22.</span> <span class='ocrx_word' id='word_1_199' title='bbox 400 1978 419 2021; x_wconf 78' lang='grc'>9,</span> <span class='ocrx_word' id='word_1_200' title='bbox 438 1978 469 2013; x_wconf 82' lang='lat' dir='ltr'>to.</span> <span class='ocrx_word' id='word_1_201' title='bbox 499 1975 671 2025; x_wconf 79' lang='lat' dir='ltr'>Imperfectiorem</span> <span class='ocrx_word' id='word_1_202' title='bbox 687 1982 753 2015; x_wconf 89' lang='lat' dir='ltr'>antem</span> 
     </span>
     <span class='ocr_line' id='line_1_25' title="bbox 67 2048 754 2101; baseline 0.003 -14"><span class='ocrx_word' id='word_1_203' title='bbox 67 2048 191 2100; x_wconf 69' lang='lat' dir='ltr'>dissipiinam</span> <span class='ocrx_word' id='word_1_204' title='bbox 207 2050 324 2088; x_wconf 78' lang='lat' dir='ltr'>antecedere</span> <span class='ocrx_word' id='word_1_205' title='bbox 340 2050 449 2089; x_wconf 88' lang='lat' dir='ltr'>messianae</span> <span class='ocrx_word' id='word_1_206' title='bbox 465 2050 546 2087; x_wconf 87' lang='lat' dir='ltr'>volebat</span> <span class='ocrx_word' id='word_1_207' title='bbox 561 2050 627 2098; x_wconf 75' lang='lat' dir='ltr'>Deus,</span> <span class='ocrx_word' id='word_1_208' title='bbox 648 2052 702 2101; x_wconf 88' lang='lat' dir='ltr'>quod</span> <span class='ocrx_word' id='word_1_209' title='bbox 717 2053 754 2089; x_wconf 89' lang='lat' dir='ltr'>ho-</span> 
     </span>
     <span class='ocr_line' id='line_1_26' title="bbox 67 2123 754 2176; baseline 0.003 -14"><span class='ocrx_word' id='word_1_210' title='bbox 67 2125 129 2163; x_wconf 89' lang='lat' dir='ltr'>mines</span> <span class='ocrx_word' id='word_1_211' title='bbox 152 2125 240 2163; x_wconf 87' lang='lat' dir='ltr'>nondum</span> <span class='ocrx_word' id='word_1_212' title='bbox 266 2130 360 2175; x_wconf 82' lang='lat' dir='ltr'>caperent</span> <span class='ocrx_word' id='word_1_213' title='bbox 383 2124 524 2174; x_wconf 76' lang='lat' dir='ltr'>perfectiorem</span> <span class='ocrx_word' id='word_1_214' title='bbox 552 2123 607 2175; x_wconf 77' lang='lat' dir='ltr'>(Gal.</span> <span class='ocrx_word' id='word_1_215' title='bbox 625 2127 647 2172; x_wconf 80' lang='lat'>3,</span> <span class='ocrx_word' id='word_1_216' title='bbox 664 2126 754 2176; x_wconf 53' lang='lat' dir='ltr'>stiffi),</span> 
     </span>
    </p>
   </div>
   <div class='ocr_carea' id='block_1_6' title="bbox 66 2194 754 2254">
    <p class='ocr_par' dir='ltr' id='par_1_6' title="bbox 66 2194 754 2254">
     <span class='ocr_line' id='line_1_27' title="bbox 66 2194 754 2254; baseline -0.007 -10"><span class='ocrx_word' id='word_1_217' title='bbox 66 2199 109 2246; x_wconf 83' lang='lat' dir='ltr'>vei,</span> <span class='ocrx_word' id='word_1_218' title='bbox 132 2205 154 2237; x_wconf 78' lang='lat' dir='ltr'>ut</span> <span class='ocrx_word' id='word_1_219' title='bbox 172 2198 194 2237; x_wconf 84' lang='lat' dir='ltr'>P·</span> <span class='ocrx_word' id='word_1_220' title='bbox 215 2199 273 2248; x_wconf 59' lang='lat' dir='ltr'>dicit7</span> <span class='ocrx_word' id='word_1_221' title='bbox 295 2199 336 2246; x_wconf 80' lang='grc' dir='ltr'>τῶν</span> <span class='ocrx_word' id='word_1_222' title='bbox 356 2194 497 2253; x_wconf 69' lang='grc' dir='ltr'>παραβάσεων</span> <span class='ocrx_word' id='word_1_223' title='bbox 516 2195 583 2254; x_wconf 69' lang='grc' dir='ltr'>χάριν.</span> <span class='ocrx_word' id='word_1_224' title='bbox 612 2199 682 2249; x_wconf 84' lang='lat' dir='ltr'>Itaque</span> <span class='ocrx_word' id='word_1_225' title='bbox 704 2200 754 2252; x_wconf 86' lang='lat' dir='ltr'>legis</span> 
     </span>
    </p>
   </div>
   <div class='ocr_carea' id='block_1_7' title="bbox 66 2359 798 2637">
    <p class='ocr_par' dir='ltr' id='par_1_7' title="bbox 66 2359 798 2637">
     <span class='ocr_line' id='line_1_28' title="bbox 66 2359 798 2408; baseline 0.003 -11"><span class='ocrx_word' id='word_1_226' title='bbox 66 2365 174 2397; x_wconf 82' lang='lat' dir='ltr'>levissimum</span> <span class='ocrx_word' id='word_1_227' title='bbox 186 2364 276 2397; x_wconf 80' lang='lat' dir='ltr'>indicabis.</span> <span class='ocrx_word' id='word_1_228' title='bbox 301 2363 361 2405; x_wconf 86' lang='lat' dir='ltr'>Neque</span> <span class='ocrx_word' id='word_1_229' title='bbox 374 2364 420 2396; x_wconf 90' lang='lat' dir='ltr'>enim</span> <span class='ocrx_word' id='word_1_230' title='bbox 433 2359 463 2398; x_wconf 79' lang='grc' dir='ltr'>διὰ</span> <span class='ocrx_word' id='word_1_231' title='bbox 475 2362 536 2408; x_wconf 80' lang='grc' dir='ltr'>κυρίου</span> <span class='ocrx_word' id='word_1_232' title='bbox 549 2363 566 2396; x_wconf 91' lang='lat' dir='ltr'>h.</span> <span class='ocrx_word' id='word_1_233' title='bbox 579 2365 590 2396; x_wconf 88' lang='lat' dir='ltr'>i.</span> <span class='ocrx_word' id='word_1_234' title='bbox 603 2365 691 2406; x_wconf 85' lang='lat' dir='ltr'>signifieat</span> <span class='ocrx_word' id='word_1_235' title='bbox 704 2375 714 2399; x_wconf 82' lang='lat' dir='ltr'>o</span> <span class='ocrx_word' id='word_1_236' title='bbox 726 2368 755 2399; x_wconf 79' lang='lat' dir='ltr'>do·</span> <span class='ocrx_word' id='word_1_237' title='bbox 795 2381 798 2384; x_wconf 63' lang='lat'><strong><em>¹</em></strong></span> 
     </span>
     <span class='ocr_line' id='line_1_29' title="bbox 66 2416 756 2465; baseline -0.001 -9"><span class='ocrx_word' id='word_1_238' title='bbox 66 2423 110 2456; x_wconf 72' lang='lat' dir='ltr'>ritino</span> <span class='ocrx_word' id='word_1_239' title='bbox 123 2423 173 2464; x_wconf 84' lang='lat' dir='ltr'>(sed:</span> <span class='ocrx_word' id='word_1_240' title='bbox 186 2422 279 2456; x_wconf 77' lang='lat' dir='ltr'>oziot&#39;rterio</span> <span class='ocrx_word' id='word_1_241' title='bbox 292 2421 372 2462; x_wconf 68' lang='lat' dir='ltr'>(toribii),</span> <span class='ocrx_word' id='word_1_242' title='bbox 389 2426 406 2453; x_wconf 89' lang='lat' dir='ltr'>et</span> <span class='ocrx_word' id='word_1_243' title='bbox 421 2416 451 2454; x_wconf 76' lang='grc' dir='ltr'>διά</span> <span class='ocrx_word' id='word_1_244' title='bbox 467 2422 485 2453; x_wconf 87' lang='lat' dir='ltr'>in</span> <span class='ocrx_word' id='word_1_245' title='bbox 499 2421 551 2462; x_wconf 81' lang='lat' dir='ltr'>loeis,</span> <span class='ocrx_word' id='word_1_246' title='bbox 570 2422 598 2454; x_wconf 87' lang='lat' dir='ltr'>nbi</span> <span class='ocrx_word' id='word_1_247' title='bbox 614 2422 719 2465; x_wconf 80' lang='lat' dir='ltr'>ambiguitas</span> <span class='ocrx_word' id='word_1_248' title='bbox 731 2424 756 2455; x_wconf 80' lang='lat' dir='ltr'>vi-</span> 
     </span>
     <span class='ocr_line' id='line_1_30' title="bbox 67 2472 757 2521; baseline 0.003 -10"><span class='ocrx_word' id='word_1_249' title='bbox 67 2480 122 2512; x_wconf 87' lang='lat' dir='ltr'>tanda</span> <span class='ocrx_word' id='word_1_250' title='bbox 135 2482 166 2521; x_wconf 83' lang='lat' dir='ltr'>sit,</span> <span class='ocrx_word' id='word_1_251' title='bbox 180 2480 201 2512; x_wconf 87' lang='lat' dir='ltr'>de</span> <span class='ocrx_word' id='word_1_252' title='bbox 214 2483 283 2512; x_wconf 64' lang='lat' dir='ltr'>arctiore</span> <span class='ocrx_word' id='word_1_253' title='bbox 296 2479 330 2510; x_wconf 86' lang='lat' dir='ltr'>diei</span> <span class='ocrx_word' id='word_1_254' title='bbox 342 2489 393 2520; x_wconf 89' lang='lat' dir='ltr'>posse</span> <span class='ocrx_word' id='word_1_255' title='bbox 407 2479 447 2520; x_wconf 84' lang='lat' dir='ltr'>(pro</span> <span class='ocrx_word' id='word_1_256' title='bbox 460 2472 513 2520; x_wconf 73' lang='grc' dir='ltr'>ὑπό),</span> <span class='ocrx_word' id='word_1_257' title='bbox 530 2478 588 2511; x_wconf 82' lang='lat' dir='ltr'>doceri</span> <span class='ocrx_word' id='word_1_258' title='bbox 601 2479 676 2512; x_wconf 85' lang='lat' dir='ltr'>debebat</span> <span class='ocrx_word' id='word_1_259' title='bbox 688 2491 724 2513; x_wconf 86' lang='lat' dir='ltr'>non</span> <span class='ocrx_word' id='word_1_260' title='bbox 736 2491 757 2513; x_wconf 76' lang='lat' dir='ltr'>ex</span> 
     </span>
     <span class='ocr_line' id='line_1_31' title="bbox 68 2535 755 2579; baseline 0.001 -9"><span class='ocrx_word' id='word_1_261' title='bbox 68 2537 214 2570; x_wconf 80' lang='lat' dir='ltr'>Schleusneri</span> <span class='ocrx_word' id='word_1_262' title='bbox 231 2536 297 2578; x_wconf 69' lang='lat' dir='ltr'>teneo,</span> <span class='ocrx_word' id='word_1_263' title='bbox 316 2535 347 2568; x_wconf 90' lang='lat' dir='ltr'>sed</span> <span class='ocrx_word' id='word_1_264' title='bbox 365 2536 423 2568; x_wconf 80' lang='lat' dir='ltr'>allatis</span> <span class='ocrx_word' id='word_1_265' title='bbox 441 2536 508 2568; x_wconf 85' lang='lat' dir='ltr'>idoneis</span> <span class='ocrx_word' id='word_1_266' title='bbox 527 2537 614 2579; x_wconf 80' lang='lat' dir='ltr'>exemplis.</span> <span class='ocrx_word' id='word_1_267' title='bbox 639 2536 665 2572; x_wconf 77' lang='lat' dir='ltr'>Of.</span> <span class='ocrx_word' id='word_1_268' title='bbox 679 2538 755 2571; x_wconf 85' lang='lat' dir='ltr'>Gramm.</span> 
     </span>
     <span class='ocr_line' id='line_1_32' title="bbox 67 2594 201 2637; baseline -0.007 -10"><span class='ocrx_word' id='word_1_269' title='bbox 67 2594 89 2627; x_wconf 84' lang='lat' dir='ltr'>N.</span> <span class='ocrx_word' id='word_1_270' title='bbox 102 2595 123 2627; x_wconf 79' lang='grc' dir='ltr'>Τ,</span> <span class='ocrx_word' id='word_1_271' title='bbox 136 2605 152 2637; x_wconf 87' lang='lat' dir='ltr'>p.</span> <span class='ocrx_word' id='word_1_272' title='bbox 162 2595 201 2627; x_wconf 80' lang='lat'>339.</span> 
     </span>
    </p>
   </div>
   <div class='ocr_carea' id='block_1_8' title="bbox 67 2680 755 2841">
    <p class='ocr_par' dir='ltr' id='par_1_8' title="bbox 67 2680 755 2841">
     <span class='ocr_line' id='line_1_33' title="bbox 114 2680 755 2731; baseline 0.006 -14"><span class='ocrx_word' id='word_1_273' title='bbox 114 2685 142 2727; x_wconf 75' lang='lat'>5⁷&gt;</span> <span class='ocrx_word' id='word_1_274' title='bbox 161 2686 249 2719; x_wconf 77' lang='lat' dir='ltr'>Theodor.</span> <span class='ocrx_word' id='word_1_275' title='bbox 265 2687 287 2719; x_wconf 87' lang='lat' dir='ltr'>ad</span> <span class='ocrx_word' id='word_1_276' title='bbox 304 2686 323 2727; x_wconf 87' lang='grc'>3,</span> <span class='ocrx_word' id='word_1_277' title='bbox 340 2687 376 2719; x_wconf 53' lang='grc'>213.</span> <span class='ocrx_word' id='word_1_278' title='bbox 395 2680 441 2720; x_wconf 65' lang='grc' dir='ltr'>οὕτω</span> <span class='ocrx_word' id='word_1_279' title='bbox 456 2681 476 2728; x_wconf 58' lang='grc' dir='ltr'>τὸ</span> <span class='ocrx_word' id='word_1_280' title='bbox 491 2681 537 2731; x_wconf 79' lang='grc' dir='ltr'>γάλα</span> <span class='ocrx_word' id='word_1_281' title='bbox 552 2686 584 2731; x_wconf 71' lang='grc' dir='ltr'>τῆς</span> <span class='ocrx_word' id='word_1_282' title='bbox 600 2685 656 2730; x_wconf 56' lang='grc' dir='ltr'>θηλῆς</span> <span class='ocrx_word' id='word_1_283' title='bbox 671 2691 707 2726; x_wconf 86' lang='grc' dir='ltr'>τοῖς</span> <span class='ocrx_word' id='word_1_284' title='bbox 724 2686 755 2730; x_wconf 78' lang='grc' dir='ltr'>μὲν</span> 
     </span>
     <span class='ocr_line' id='line_1_34' title="bbox 67 2739 544 2788; baseline 0 -10"><span class='ocrx_word' id='word_1_285' title='bbox 67 2742 138 2782; x_wconf 75' lang='grc' dir='ltr'>τελείοις</span> <span class='ocrx_word' id='word_1_286' title='bbox 151 2742 196 2778; x_wconf 75' lang='grc' dir='ltr'>ἐστὶν</span> <span class='ocrx_word' id='word_1_287' title='bbox 211 2739 277 2787; x_wconf 79' lang='grc' dir='ltr'>ἀηδές,</span> <span class='ocrx_word' id='word_1_288' title='bbox 290 2747 326 2784; x_wconf 85' lang='grc' dir='ltr'>τοῖς</span> <span class='ocrx_word' id='word_1_289' title='bbox 340 2743 424 2788; x_wconf 75' lang='grc' dir='ltr'>βρέφεσιν</span> <span class='ocrx_word' id='word_1_290' title='bbox 438 2739 544 2788; x_wconf 69' lang='grc' dir='ltr'>ἐπιτήδειον.</span> 
     </span>
     <span class='ocr_line' id='line_1_35' title="bbox 593 2806 617 2841; baseline 0.042 -1"><span class='ocrx_word' id='word_1_291' title='bbox 593 2806 617 2841; x_wconf 81' lang='lat' dir='ltr'>to</span> 
     </span>
    </p>
   </div>
   <div class='ocr_carea' id='block_1_9' title="bbox 0 0 869 3054">
    <p class='ocr_par' dir='ltr' id='par_1_9' title="bbox 0 0 869 3054">
     <span class='ocr_line' id='line_1_36' title="bbox 0 0 869 3054; baseline 0 0"><span class='ocrx_word' id='word_1_292' title='bbox 0 0 869 3054; x_wconf 95' lang='lat' dir='ltr'> </span> 
     </span>
    </p>
   </div>
  </div>
 </body>
</html>
