1723 3054
294 223 353 263 ΟΑΡ.
368 225 384 264 1.
403 239 420 263 v.
439 227 534 264 11-12,
731 221 759 265 47

17 368 19 371 .
68 329 120 368 Rom
147 332 182 376 14,
200 331 232 367 24.
248 351 275 357 -
291 325 315 371 ot
335 324 395 371 κατὰ
414 323 509 383 drapum.
531 327 563 366 vel
585 327 758 368 aoa‘=secmutaa

68 388 163 444 tuoruum
179 404 199 444 h.
215 416 232 443 e.
252 403 290 441 tale
309 403 364 454 quod
387 402 479 441 humanis
501 408 520 440 et
541 403 622 453 iugenio
646 407 666 440 et
686 402 757 441 studiis

70 478 177 517 conveniat
193 478 219 529 (v.
237 478 277 529 10)
293 477 325 516 vel
340 479 382 528 i.q
405 479 485 531 μεῖζον,
506 476 586 529 βελλ-ιον
601 472 614 533 ἢ
630 473 677 520 κατ’
695 473 757 532 dalp-

69 553 87 591 h.
104 565 120 591 e.
131 552 195 591 maius
210 557 229 590 et
239 553 382 602 praestantius,
399 563 460 601 quam
476 550 530 601 quod
546 551 566 588 iu
582 551 683 588 hominem
700 553 759 590 eadat

68 631 127 676 atque
150 626 200 665 adeo
217 607 249 665 ab
271 627 347 678 ingenii
368 625 450 664 humani
473 624 549 663 viribus
572 625 635 675 repeti
655 632 714 676 queat
733 627 758 665 of.

69 700 119 738 Plat,
136 701 196 751 Apol.
213 715 229 739 o.
247 703 265 739 5.
284 700 325 739 Dio
337 700 391 740 Cass.
405 703 438 748 66,
450 703 483 753 203
500 695 559 741 aare}
576 699 628 736 enim
644 712 705 749 saepe
721 701 759 738 dio·

69 777 93 814 de
108 776 169 814 modo
186 776 270 822 virium,
295 775 366 826 quibus
382 775 426 826 quis
442 774 509 824 pollet.
541 772 632 824 Utraque
648 774 758 824 explicatio

69 850 146 888 admitti
161 854 230 899 potest
244 849 266 886 in
281 849 319 887 hae
334 849 476 888 sententiarum
493 848 654 895 continuatione3
669 849 758 900 priorem

69 924 87 963 si
103 929 172 974 optas⁷
187 924 291 974 sequeutia
305 924 345 962 hoe
359 935 420 962 sensu
435 924 544 962 adduntur:
568 923 622 973 quod
637 924 662 962 ab
677 923 758 962 homine

69 998 215 1049 proficiscitur,
238 998 259 1036 id
277 999 449 1037 accommodatum
469 1010 512 1036 esse
528 997 580 1036 solet
595 997 621 1035 ad
636 998 678 1036 eius
694 999 759 1037 studia

69 1073 235 1124 voluntatesque3
257 1084 302 1110 mea
317 1085 365 1110 vero
381 1072 479 1111 institutio
495 1085 536 1110 uon
551 1071 655 1111 blanditur
669 1073 758 1111 humano

69 1148 162 1198 iugenio,
185 1152 294 1198 propterea
313 1147 366 1198 quod
384 1160 426 1185 nou
441 1153 470 1186 est
485 1148 583 1185 humanae
599 1147 688 1199 originis.
719 1147 759 1187 Po·

69 1219 330 1272 steriori'interpretationi
355 1221 423 1260 favent
447 1219 492 1272 Syr.
514 1221 637 1260 Theodora,
662 1222 758 1274 multique

70 1296 114 1343 alii3
131 1309 172 1334 non
189 1296 264 1334 renitor
280 1296 374 1343 omuino,
389 1296 450 1333 modo
466 1309 491 1344 ue
507 1296 588 1342 eredas,
603 1295 685 1346 inipso
701 1310 759 1347 prae-

69 1371 139 1410 verbio
159 1366 219 1412 κατά
238 1370 304 1409 inesse
323 1371 407 1425 eripiatis
426 1371 539 1427 notionem}
562 1370 612 1408 haee
630 1383 667 1408 neo
682 1372 703 1409 in
718 1371 760 1409 for-

69 1446 127 1484 mulis
147 1440 218 1500 εὗαγγ.
235 1440 305 1487 κατὰ
320 1442 409 1499 Μάρκον
425 1444 461 1482 rel.
476 1457 515 1482 nee
529 1444 576 1482 loco
592 1443 683 1496 Polybii‚
700 1459 759 1497 quem

70 1519 208 1570 Raphelius
227 1519 302 1566 attulit,
321 1519 477 1570 deprehenditur
489 1518 513 1568 fi).
544 1514 592 1561 otte
607 1515 649 1573 γὰρ
665 1516 706 1573 ἐγὼ
722 1527 759 1560 eet.

72 1607 137 1648 aequo
152 1595 203 1634 euim
219 1607 260 1648 epo
276 1606 292 1632 s.
303 1606 350 1633 luam
365 1606 390 1633 ue
405 1606 446 1647 epo
462 1594 543 1647 pelidem
558 1592 583 1633 ab
599 1592 677 1634 tantiae
693 1596 762 1649 accept

72 1668 124 1709 illud
140 1674 176 1706 eet.
202 1666 232 1707 Cf.
248 1667 299 1706 Phil.
311 1672 331 1715 4,
344 1671 361 1706 3,
378 1663 392 1710 ἃ
408 1664 446 1710 καὶ
462 1664 558 1724 &puluere
574 1664 612 1710 καὶ
626 1665 761 1723 παρελάβετε

70 1741 108 1786 καὶ
127 1739 235 1798 ἠκούσατε
254 1742 288 1780 rel.
306 1741 347 1781 Oia,
363 1755 401 1792 pro
417 1741 458 1780 Mil.
475 1745 493 1779 4.
509 1742 624 1790 didicimus,
641 1744 760 1795 accepimus,

72 1817 160 1871 lepimus.
189 1815 210 1856 Si
230 1817 276 1868 quid
293 1816 413 1856 discriminis
428 1817 555 1856 statuendum
570 1819 694 1871 παραλαμβ.
709 1818 761 1856 inter

70 1896 91 1929 et
106 1880 257 1938 διδάσκεσῇἇι,
273 1890 321 1928 illud
338 1891 363 1929 de
379 1890 470 1928 doctriua
484 1890 565 1937 dicitur,
582 1903 632 1941 quae
647 1891 726 1941 integra
741 1897 760 1931 et

71 1971 211 2004 consummata
226 1978 238 2003 a
252 1965 348 2016 magistro
364 1964 459 2012 traditur,
475 1965 514 2003 hoe
530 1965 554 2002 de
570 1964 704 2014 institutione,
721 1979 760 2017 qua

70 2040 113 2090 quis
138 2044 159 2078 ut
180 2040 224 2090 ipse
247 2039 328 2090 singula
351 2038 466 2086 meditando
490 2040 589 2087 iuveniat,
614 2040 720 2089 edocetur,
741 2055 760 2079 v.

68 2114 147 2152 Hieron
169 2115 194 2152 ad
214 2115 233 2152 h.
251 2115 264 2152 l.
286 2119 322 2153 uec
341 2126 382 2151 non
403 2113 505 2164 Bengel.
536 2113 567 2151 De
586 2126 680 2164 praepos.
699 2111 760 2170 παρά

70 2190 132 2228 verbo
148 2190 272 2244 παραλαμβ.
288 2189 367 2226 adiecta
382 2202 400 2226 u.
417 2201 467 2238 quae
484 2188 591 2238 disputavit
607 2185 759 2228 Schulthess.

68 2276 86 2298 v,
109 2262 208 2300 Abeudm.
231 2275 251 2312 p.
272 2265 328 2312 sssq.
358 2261 398 2299 Pro
423 2257 470 2303 οὔτε
494 2257 590 2317 ἐδιδάχῗΐ.
613 2262 690 2312 aliquot
711 2263 758 2302 libri

68 2337 121 2374 haud
140 2335 248 2386 spernendi
265 2334 340 2374 habent
358 2331 408 2377 οὐδέ
424 2335 483 2386 [quae
499 2339 529 2373 est
544 2335 634 2375 solennis
650 2337 757 2376 admodum

68 2411 153 2449 variatio
170 2410 194 2449 ef.
210 2409 305 2460 Xenoph.
321 2409 386 2448 Auab.
405 2412 423 2458 1,
441 2412 460 2457 1,
478 2410 496 2447 8.
513 2412 532 2457 4,
550 2412 605 2465 823.
620 2410 690 2462 Eurip.
706 2411 758 2469 Hip7

114 2650 130 2690 6)
149 2649 207 2683 Multo
222 2650 279 2682 minus
296 2648 359 2681 teor.
372 2648 393 2690 9,
407 2650 422 2681 Β.
442 2650 472 2692 12,
486 2651 511 2691 8.,
531 2659 574 2691 quos
591 2650 640 2683 locos
659 2651 758 2683 Flattius
811 2657 814 2659 ·

69 2707 144 2740 adhibet.
