1723 3054
291 222 531 262 amimam
726 221 755 265 w

66 329 90 374 8,
107 330 125 366 3.
141 326 197 379 Syra:
220 329 277 376 ΞἾΠ
298 327 378 365 Luther.
398 325 451 365 infra
469 327 527 364 etiam
546 340 564 365 v.
581 329 613 366 23.
633 328 693 366 bene:
716 326 755 365 den
785 310 787 312 Υ

65 399 157 441 Glauhen
167 406 278 443 certiores.
294 402 319 442 cf.
330 400 446 440 Piscator
461 405 482 438 et
492 398 577 440 Calov.
593 403 618 440 ad
634 402 653 439 h.
663 401 677 438 l.
692 400 756 439 Ben-

65 476 146 526 gelius
162 489 202 514 non
219 477 280 514 male:
295 476 413 526 11111αὸ1111,
430 476 469 514 hoc
484 475 544 526 plane
560 476 682 514 contrarium
694 476 756 516 acdi-

66 551 157 602 ficuticai
171 555 232 589 notat.

122 625 147 666 V.
166 629 196 663 14.
220 621 346 681 προκόπτειν
362 625 459 663 translate
478 625 571 663 dicuntur
591 625 622 672 hi,
646 623 680 674 qui
694 625 755 674 profi-

65 699 129 748 ciunt,
148 713 267 751 progressus
286 700 362 739 faciunt
380 701 401 738 in
417 700 459 751 aliq
479 712 502 737 re
517 699 578 737 Marc.
594 700 670 737 Anton.
689 701 706 746 1,
725 701 756 739 14.

66 773 161 825 Xenoph.
170 774 223 812 Hell.
233 777 252 822 1,
267 779 282 812 1.
294 777 311 812 (i.
327 774 399 826 Polyb.
412 777 446 822 27,
459 777 476 813 8,
491 777 522 812 14.
538 771 628 824 Simplic.
639 773 665 811 ad
671 772 756 824 Epictet.

66 860 82 885 c.
97 851 137 895 18,
154 864 215 904 apo-a.
229 847 281 903 ὑπέρ
294 849 401 903 propera,
414 860 537 903 prophetans
546 848 616 900 facere
631 847 755 902 supeaaliq.

66 928 96 961 est
111 923 202 970 vincere,
218 935 313 973 superare
329 922 420 973 aliquem.
443 922 493 961 Post
504 925 572 978 συνηλ.
585 923 688 961 versiones
704 923 755 960 anti-

66 1010 116 1048 quae
132 997 174 1035 fere
191 1009 260 1041 omnes
275 997 371 1036 adiiciunt
390 1010 448 1047 pron.
469 998 517 1046 mei;
541 998 575 1036 sed
597 997 636 1035 hoc
655 1009 682 1034 ex
699 1009 757 1035 more

67 1071 93 1109 fit.
103 1071 187 1110 istorum
202 1072 343 1122 interpretum,
358 1084 397 1109 nec
412 1071 459 1109 inde
475 1071 595 1119 concludes,
611 1072 650 1110 hoc
665 1084 709 1112 voc.
720 1085 757 1110 un-

68 1158 128 1196 quam
143 1146 215 1185 lectum
231 1159 275 1185 esse
289 1147 310 1184 in
325 1146 383 1185 libris
398 1146 481 1197 graecis.
492 1168 520 1174 —
534 1146 593 1200 γένος
603 1147 621 1184 h.
633 1146 645 1185 l.
658 1146 681 1184 de
691 1151 755 1201 qanto,

65 1225 87 1257 ut
101 1220 163 1258 Marc.
175 1224 195 1268 7,
207 1223 240 1257 26.
256 1222 300 1259 Act.
312 1224 331 1269 4,
344 1223 377 1260 36.
394 1223 404 1257 2
417 1219 463 1259 Oor.
480 1223 514 1268 11,
529 1223 561 1258 26.
576 1219 628 1260 Phil.
641 1222 659 1268 3,
676 1223 694 1259 5.
711 1222 755 1259 add.

65 1294 144 1332 Aelian.
160 1295 184 1333 V.
200 1293 226 1335 H.
245 1298 262 1343 1,
280 1298 312 1333 34.
328 1294 389 1334 Diod.
400 1292 439 1333 Sic.
452 1297 470 1343 1,
484 1297 515 1332 12.
530 1294 562 1331 Ita
577 1299 596 1332 et
611 1307 672 1348 qeazcs
689 1295 757 1333 dicunt

66 1374 140 1419 poetae
154 1368 212 1408 latini
227 1369 283 1420 Virg.
294 1370 345 1407 Aen.
358 1370 377 1416 5,
389 1370 435 1407 285.
459 1368 545 1407 Frustra
559 1374 616 1416 sunt,
632 1369 667 1420 qui
682 1374 757 1409 sectam

68 1443 226 1484 Pharisaeorum
247 1443 355 1494 significari
376 1448 448 1493 putant
470 1443 506 1493 (cf.
530 1448 595 1481 tamen
614 1435 715 1481 Plutarch.
731 1444 756 1481 de

66 1517 115 1556 Isid.
131 1531 150 1568 p.
169 1515 230 1566 354).
250 1522 278 1545 '-—
299 1513 395 1573 ζηλωτής
409 1523 448 1565 est,
465 1517 499 1568 qui
514 1518 586 1567 cupide
601 1517 677 1568 aliquid
691 1523 756 1556 secta-

67 1597 110 1640 tur,
123 1592 160 1642 qui
169 1591 211 1630 acri
225 1591 289 1629 fertur
305 1590 372 1630 studio
387 1593 417 1629 rei
432 1596 466 1630 aut
482 1592 635 1642 consequendae
651 1597 685 1630 ant
700 1597 756 1630 tuen-

69 1658 756 1716 mmmmmmammmmmmama

67 1740 114 1781 Hal.
129 1740 167 1791 Ep.
185 1744 204 1788 3,
222 1743 253 1779 11.
272 1737 389 1795 Diuisio.
407 1743 425 1789 1,
442 1743 475 1779 73.
491 1745 541 1778 extr.
558 1764 584 1769 -
600 1756 662 1797 πατρ.
678 1743 755 1797 παραὸ.

63 1817 184 1868 polricrum
198 1828 290 1855 ancoram
306 1815 431 1865 (praesertim
447 1828 491 1853 cum
506 1814 559 1853 filius
573 1815 677 1869 Pharisaei
693 1828 756 1854 essem

66 1894 111 1930 Act.
128 1894 161 1939 23,
175 1877 204 1942 h.)
222 1892 358 1932 traditionum.
373 1888 452 1946 παράὸ.
470 1892 535 1943 (hebr-
554 1877 637 1959 U’DJPJ
653 1892 672 1930 h·
688 1893 700 1929 l·
716 1893 755 1931 late

66 1970 134 2016 patere
146 1971 165 2003 et
176 1977 255 2003 omnem
266 1965 393 2016 disciplinam
403 1963 530 2003 Judaeorum
540 1977 628 2014 sacram,
643 1971 685 2004 tum
694 1966 756 2014 illam,
812 1971 818 2015 J

67 2053 119 2092 quae
134 2040 156 2078 in
171 2039 227 2079 libris
242 2041 306 2078 sacris
317 2038 439 2090 perscripta,
455 2044 497 2078 tum
509 2040 571 2084 hanc.
588 2054 639 2091 quae
651 2041 756 2079 doctorum

66 2114 137 2168 studiis
152 2106 257 2165 paullatim
272 2114 340 2152 addita
355 2119 398 2152 erat
413 2110 459 2171 (τὴν
475 2111 592 2169 παράδοσιν
607 2116 649 2159 τῶν
665 2119 754 2171 πρεσβυ.

47 2195 50 2197 ’
66 2190 131 2245 adpeti
142 2190 177 2227 Mt·
193 2190 223 2236 15,
235 2189 307 2227 2..Μ1.
320 2192 339 2238 7,
352 2191 370 2226 3.
382 2189 406 2227 cf.
417 2185 498 2246 νόμιμα
510 2190 534 2232 ἐκ
545 2190 642 2246 πατέρων
654 2190 756 2246 διαδοχῆς

67 2263 152 2313 Joscph,
168 2264 223 2301 Antt.
235 2264 267 2310 13,
280 2266 311 2300 10.
325 2264 352 2313 6.)
364 2264 469 2313 complecti
481 2264 559 2306 videtur
570 2278 587 2302 v.
600 2266 644 2302 Act.
657 2266 691 2312 26,
702 2267 715 2302 4
726 2277 756 2316 aq.

23 2324 29 2327 .
67 2335 222 2388 Adstipulantur
241 2334 345 2375 Grotius
365 2341 384 2374 et
402 2334 528 2375 Calixtus.
557 2337 628 2389 Itaque
646 2334 720 2395 ζηλωὲ.
736 2355 755 2381 τ.

67 2414 145 2468 rapat.
161 2411 217 2451 esti.
234 2424 252 2462 q.
269 2407 364 2468 ζηλωτὴς
378 2411 420 2453 τῶν
434 2408 503 2467 νόμων
520 2412 608 2452 2Macc.
626 2418 644 2462 1,
662 2416 692 2460 2.,
712 2415 755 2469 ζηλ.

67 2487 104 2529 τοῦ
119 2483 183 2541 νόμου
198 2488 244 2526 Act.
257 2489 290 2535 21,
302 2489 335 2524 20.
351 2509 379 2514 -
394 2486 418 2526 V.
438 2489 469 2524 15.
486 2482 567 2543 ἀφορίζ.
584 2488 666 2526 solenne
683 2487 720 2526 hac
735 2488 757 2525 in

68 2575 90 2599 re
105 2562 175 2602 vocab.
191 2562 236 2600 Act.
249 2563 282 2610 13,
291 2564 313 2600 ’2.
329 2560 354 2600 cf.
364 2560 438 2599 Jerem.
452 2564 471 2611 1,
483 2565 501 2600 5.
516 2562 567 2600 Inde
582 2567 622 2611 est,
638 2562 693 2614 quod
703 2561 756 2600 Pau-

68 2636 101 2692 lus!
114 2649 135 2674 se
150 2636 216 2686 ipsum
231 2642 292 2694 vocat
307 2619 447 2695 dpcprcpe'uon
463 2636 521 2675 Rom.
535 2641 557 2684 1,
571 2641 589 2675 l.

605 2710 617 2743 1
