1723 3054
340 257 485 298 EXCURSUS
501 257 515 296 l.
733 250 773 293 143

81 359 120 418 τὴν
135 358 203 405 atrro
220 362 332 402 hominibus
352 363 481 413 contingunt;
499 363 565 413 itaque
581 360 614 398 ille
630 373 667 398 usu
684 363 739 397 caret
753 363 773 395 et

83 436 182 484 efficacia,
199 435 243 475 Gal.
261 440 286 485 2,
298 439 365 475 3-5.
395 436 428 475 Ex
446 437 477 475 his
499 438 591 475 omnibus
609 431 680 482 efficit,
696 449 708 472 a
723 433 773 484 legis

83 512 184 550 mosaicae
204 513 343 560 observatione
363 504 502 551 abstinendum
523 524 567 552 esse
583 509 712 557 Christianis,
729 510 772 547 sive

84 600 94 623 e
109 592 167 637 gente
182 587 261 625 iudaica
277 586 377 634 oriundis,
397 587 439 625 sive
455 601 465 624 e
480 587 574 638 paganis,
590 586 610 623 id
626 592 690 623 tamen
707 590 772 635 rogat,

84 666 105 698 nt
124 661 165 699 hoc
180 662 215 711 fiat
233 667 322 700 amanter
342 661 360 698 h.
377 675 393 699 e.
409 667 431 699 ut
445 661 505 700 rudes
521 662 612 700 homines
628 667 648 698 et
662 659 772 699 imbecilles

85 748 125 773 non
142 736 284 783 offendantur,
298 739 305 772 l
319 735 365 774 Cor.
383 738 406 783 8,
425 740 432 773 l
451 749 494 787 sqq.
515 735 572 775 Rom,
592 738 627 783 14,
647 737 670 772 13
687 748 729 786 sqq.
746 758 773 763 *-

85 808 189 859 Ceterum,
213 811 267 861 quod
291 810 398 860 disciplina
421 811 499 849 iudaice
522 824 559 861 per
577 809 677 861 Christum
696 810 774 849 sublata

83 891 124 933 est,
144 887 193 933 hoc,
213 886 379 935 quemadmodum
397 886 436 936 ipsi
455 885 502 923 huic
518 885 636 936 disciplinae
651 885 700 923 nihil
717 885 775 923 dero-

86 966 130 1010 gat,
145 961 173 997 ita
188 973 229 997 non
244 965 311 1010 potest
324 960 388 1011 gentis
398 960 518 998 israeliticae
531 961 636 1009 pristinum
646 959 774 1010 splendorem

87 1036 205 1083 obscurare;
231 1041 297 1073 manet
318 1035 357 1085 ipsi
381 1047 428 1073 suus
451 1036 517 1073 honos
540 1035 596 1085 isque
620 1034 704 1084 triplex:
729 1047 775 1072 narn

83 1111 172 1163 primaru
188 1111 246 1148 datae
263 1116 308 1148 snnt
323 1110 368 1149 ludo
384 1111 437 1160 genti
454 1109 480 1154 [h.
498 1122 508 1147 e
526 1111 653 1157 Abrahamo,
670 1110 711 1149 eius
728 1122 775 1147 con-

87 1184 154 1231 ditori)
170 1184 316 1234 promissiones
332 1184 410 1222 divinae
427 1183 493 1228 [Rom.
511 1187 529 1232 3,
547 1186 584 1236 2.);
604 1185 675 1238 deinde
690 1185 716 1222 ad
731 1170 775 1222 eam

87 1259 173 1309 pertinet
187 1259 222 1297 lex
238 1259 331 1298 divinitus
347 1259 422 1309 scripta
435 1258 503 1308 (Rom.
516 1262 534 1307 9,
547 1260 584 1310 4.);
601 1259 686 1313 dedique
701 1259 776 1310 prodiit

86 1333 133 1371 inde
149 1330 208 1376 κατὰ
224 1330 296 1388 σάρκα
311 1335 395 1373 Messias
411 1333 478 1384 (Rom.
495 1337 515 1381 9,
533 1336 565 1384 5..)

104 1454 108 1462 ,
145 1412 164 1446 4.
193 1408 293 1447 Homines
309 1408 421 1456 christiani,
442 1409 475 1460 qui
495 1407 574 1447 Christo
590 1409 651 1447 fidem
667 1410 742 1448 habent
757 1415 777 1447 et

87 1479 192 1538 πνεύματι
207 1489 312 1534 regqntur,
332 1496 373 1521 non
393 1489 440 1522 sunt
455 1484 480 1521 ab
496 1485 589 1523 omnihus
605 1484 693 1533 peccatis
709 1484 776 1532 alieni,

89 1633 115 1670 ad
135 1646 168 1680 ea,
192 1645 242 1684 quae
261 1632 360 1671 voluntati
381 1633 460 1671 divinae
480 1635 581 1672 contraria
599 1639 655 1680 sunt,
678 1634 776 1672 interdum

89 1708 217 1758 abripiuntur
232 1706 299 1757 (Rom.
312 1711 333 1754 t,
347 1711 371 1744 14
383 1721 425 1759 sqq.
442 1709 466 1746 cf.
482 1707 594 1747 Rabbinor.
609 1709 655 1746 loca
671 1722 701 1759 ap.
714 1709 778 1747 Wet-

89 1789 151 1821 sten.
167 1782 197 1830 II,
216 1796 236 1832 p.
257 1782 365 1833 233.)⁵4):
383 1796 451 1821 verum
468 1783 510 1831 his,
530 1797 580 1833 qnae
599 1784 624 1821 ab
642 1783 777 1822 imbecillitate

89 1853 140 1910 (ἀπὸ
155 1857 196 1913 τῆς
207 1853 293 1912 σαρκός]
305 1854 469 1907 proficiscuntur,
480 1860 569 1907 peccatis
580 1859 658 1896 veniam
670 1859 703 1896 dat
714 1858 777 1907 Deus,

89 1937 158 1982 utpote
183 1944 236 1969 nunc
261 1932 375 1970 hominibus
397 1946 433 1982 per
456 1929 556 1971 Christum
579 1933 679 1983 propitius
702 1934 777 1981 factus3

89 2008 144 2057 patet
158 2012 223 2044 tamen
239 2006 296 2054 inde,
318 2006 336 2056 ll
354 2019 413 2057 quam
429 2012 482 2045 recte
499 2007 575 2046 dicatur
591 2003 713 2065 δικαιοσύνη
729 2021 778 2046 0011-

89 2082 167 2133 tingere
187 2094 200 2119 a
217 2081 262 2119 sola
280 2081 319 2119 Dei
338 2082 401 2132 gratia
420 2087 504 2132 propter
524 2080 597 2137 Christi
616 2088 709 2130 mortem;
732 2097 777 2122 nam

90 2170 148 2195 nemo
164 2162 231 2207 potest
245 2155 284 2194 Dei
300 2157 398 2195 voluntati
414 2157 501 2208 perfecte
523 2159 606 2210 obsequi
625 2158 716 2210 adeoque
734 2159 778 2197 feli-

90 2232 169 2269 citatem
185 2237 286 2269 aeternam
301 2238 396 2282 tanquam
412 2232 490 2270 virtutis
505 2234 614 2283 praemium
630 2234 675 2274 titre
690 2246 725 2274 otto
741 2247 778 2284 po·

90 2305 172 2352 stulare3
192 2318 270 2355 semper
290 2305 445 2356 confugiendum
462 2308 487 2345 ad
503 2299 576 2346 summi
591 2308 677 2347 numinis
694 2289 779 2347 clemen-

89 2381 137 2418 tiam
148 2385 186 2427 est,
203 2380 273 2418 deindo
290 2382 311 2432 2)
321 2380 448 2432 intelligitur,
464 2381 543 2433 alcen),
560 2395 617 2433 quam
634 2396 646 2420 a
661 2383 702 2422 suis
718 2385 780 2436 exigit

90 2454 123 2503 P.,
140 2468 180 2493 non
197 2456 269 2494 debere
285 2468 328 2495 esse
338 2451 427 2511 νεκράν,
443 2456 478 2495 sed
492 2461 539 2494 'curn
554 2458 633 2496 honesti
649 2459 715 2497 studio
732 2472 779 2497 con-

89 2531 177 2568 iunctam
193 2525 259 2581 (Rom.
277 2533 295 2578 6,
314 2534 322 2568 1
340 2543 383 2583 sqq.
400 2528 444 2568 Gal.
462 2533 481 2579 5,
500 2534 524 2569 13
541 2545 570 2583 sq,
586 2531 637 2583 Eph,
651 2536 670 2583 5,
682 2536 718 2587 9,);
733 2535 779 2572 inde

137 2708 165 2750 54)
178 2708 202 2741 Ut
214 2696 261 2741 nnnc
273 2708 342 2751 plurimi
358 2713 448 2752 statuunt,
464 2710 526 2752 quihus
543 2712 613 2745 credere
630 2713 709 2753 quaevis,
727 2722 779 2753 qnam

32 2806 35 2810 β
91 2766 165 2799 honesta
177 2767 248 2808 sectari,
261 2766 329 2799 facilius
341 2767 416 2800 videtur.
