1723 3054
245 246 346 289 VERSIC
367 248 480 287 LATINA.
510 247 608 287 CARII.
628 292 634 297 ..
746 246 773 290 31
832 270 834 273 Α

82 354 171 393 seruituti
191 353 255 408 [lepis]
276 366 313 392 nos
332 354 468 403 addicerent),
492 376 518 380 —
543 353 656 404 quihus-ne
671 351 775 403 paulisper

83 430 163 480 quidem
186 429 276 467 cedendo
299 441 337 467 nos
360 427 500 475 submisimus,
527 433 547 465 ut
569 428 675 466 doctrinae
695 428 776 468 dauriae

82 505 155 542 veritas
170 504 229 543 vobis
251 506 320 557 (pecca
335 506 378 550 cosi
398 507 489 543 maneret
504 503 646 555 (incorrupta).
676 501 776 553 Principi-

83 580 121 618 bus
144 592 192 617 vero
216 579 377 630 (qualescunque
401 579 480 616 demum
504 582 570 625 erant,
596 577 616 615 id
632 577 682 614 nibil
697 579 722 616 ad
738 591 776 623 me,

83 653 142 693 Deus
157 654 209 694 enim
225 659 310 693 externa
324 654 412 693 bominis
423 666 464 692 non
477 653 541 703 curat)
558 652 672 703 principes,
688 651 776 703 inquam,

86 729 136 767 nihil
159 731 220 776 (rioci)
244 742 321 768 mecum
343 729 526 777 communicarunt,
551 727 592 765 imo
612 739 657 765 cum
672 726 776 773 uidissent,

85 818 117 842 me
128 817 255 855 paganorum
265 791 410 852 institutionem
422 803 557 842 concreditam
573 802 685 851 (citonatus)
697 802 777 849 habere,

85 879 252 929 quemadmodum
275 878 346 916 Petrus
368 877 493 917 Judaeorum
517 878 597 926 (etenim
621 878 655 928 qui
677 877 698 914 in
716 876 777 915 Petro

85 955 124 991 hoc
148 953 197 1004 egit,
221 957 243 991 ut
266 952 357 992 Judaeos
379 953 480 1001 instituat,
505 954 522 992 is
546 952 567 989 in
594 964 625 990 me
651 963 731 1002 quoque
757 957 778 989 ut

86 1040 176 1079 paganos
194 1028 294 1076 erudiam)
318 1032 337 1065 et
360 1041 403 1066 cum
427 1032 550 1077 cognossent
571 1027 656 1078 gratiam
673 1026 778 1077 (diuinum)

86 1103 134 1141 mibi
157 1115 284 1151 concessam,
309 1101 400 1141 Jacobus
424 1109 444 1141 et
466 1102 550 1153 Kephas
574 1108 592 1139 et
615 1100 718 1148 Joannes,
745 1101 779 1151 qui

89 1177 186 1217 ecclesiae
211 1177 312 1216 columina
334 1178 442 1226 habentur,
468 1177 539 1215 dextra
561 1177 609 1215 mibi
635 1183 654 1214 et
671 1176 779 1215 Barnabae

87 1253 133 1291 data
157 1260 309 1300 consenserunt,
335 1239 373 1292 nos
396 1258 417 1290 ut
439 1252 541 1304 gentibus,
565 1251 605 1303 ipsi
627 1264 676 1290 vero
695 1252 779 1290 circum-

87 1328 132 1367 cisis
152 1328 277 1377 (strenuum
296 1327 386 1368 divinum
405 1327 532 1376 truderent),
557 1327 597 1366 hoc
613 1340 673 1365 unum
689 1329 780 1382 (repau-

88 1407 123 1447 lcs)
144 1408 164 1442 ut
177 1415 289 1454 pauperum
305 1415 403 1440 memores
422 1414 520 1450 essemus,
544 1402 564 1440 id
587 1402 642 1454 quod
665 1401 777 1453 diligentis-

87 1478 137 1516 sime
152 1478 212 1516 etiam
231 1477 312 1528 perfeci.
344 1475 393 1515 Cum
414 1490 463 1515 vero
478 1476 551 1516 Petrus
569 1477 699 1516 Antiochiam
714 1477 780 1516 venis·

86 1559 128 1601 set,
154 1564 250 1604 praesens
275 1553 376 1603 praesenti
405 1552 492 1599 restiti,
515 1553 569 1604 quod
599 1552 778 1602 reprehensionem

89 1630 206 1666 incurrerat.
243 1625 296 1665 Nam
315 1627 434 1677 priusquam
457 1628 547 1665 venirent
565 1627 642 1678 aliquot
661 1641 673 1665 a
693 1627 781 1676 Jacobo,

68 1727 70 1731 ν
90 1716 134 1741 curn
155 1702 239 1754 paganis
258 1702 350 1753 epulatus
370 1707 422 1750 erat,
447 1707 579 1753 posteaquam
597 1708 662 1740 autem
677 1709 781 1750 venerunt,

90 1777 187 1816 subduxit
209 1790 231 1816 se
254 1781 273 1814 et
291 1776 380 1815 seiunxit
401 1778 426 1815 ab
448 1776 498 1823 illis,
522 1775 648 1816 Christianos
669 1790 679 1815 e
697 1777 782 1817 ‹Judaeis

89 1853 171 1891 veritus.
201 1853 267 1902 Atque
289 1852 311 1889 in
335 1852 394 1890 huius
415 1851 549 1890 simulationis
567 1852 684 1891 societatem
700 1865 782 1891 conces-

89 1933 159 1966 serunt
173 1927 233 1965 etiam
250 1926 323 1978 reliqui
337 1925 412 1964 «Iudaei
431 1926 548 1972 (Cirristinci
564 1940 574 1967 e
589 1926 689 1975 ludaeis),
714 1927 742 1980 ita
761 1933 782 1966 ut

90 2003 133 2053 ipsc
149 2001 254 2041 Barnabas
273 2002 299 2039 ad
314 2001 398 2039 eandem
416 2000 565 2039 simulationem
580 2002 712 2052 abriperetur.
742 2000 782 2042 Sed

90 2090 136 2115 cum
159 2076 257 2124 riderem,
283 2088 319 2114 eos
342 2075 421 2114 veritati
446 2075 548 2131 doctrinae
571 2089 613 2114 non
639 2078 781 2116 convenienter

89 2165 160 2203 agere,
183 2151 226 2189 dixi
242 2149 303 2189 Petro
324 2150 451 2190 audientibus
471 2151 576 2199 omnihus,
602 2152 669 2198 situ,
695 2153 730 2203 qui
744 2152 782 2191 Ju-

90 2228 151 2266 daeus
174 2227 213 2274 sis,
239 2238 363 2280 paganorum
385 2239 443 2264 more
463 2226 563 2281 (aeplcctu
581 2227 622 2280 lcpc
640 2230 697 2278 inca)
721 2227 780 2277 vivis,

90 2314 132 2339 non
146 2300 285 2339 Judaeorurn:
301 2301 349 2351 quid
364 2313 457 2351 paganos
473 2302 530 2351 cogis
543 2302 623 2350 judaice
637 2302 718 2341 vivere?
738 2301 784 2343 Nos

90 2376 189 2415 natalibus
204 2374 279 2413 Judaei
302 2387 339 2412 nec
361 2388 372 2412 e
394 2373 503 2433 gentilibus
526 2375 618 2425 profani,
644 2364 783 2430 intelligentes,

70 2452 190 2489 -neminern
218 2450 266 2504 lepis
292 2449 388 2500 operibus
411 2450 446 2488 sed
467 2450 508 2488 fide
530 2448 611 2490 Christo
635 2452 704 2491 habita
726 2453 783 2502 {beot

91 2526 184 2576 probari,
207 2519 336 2575 nosmetipsi,
360 2525 453 2574 inquam,
476 2522 557 2563 Christo
573 2526 632 2564 fidem
649 2527 784 2577 adhibuimus,
811 2548 821 2555 0

91 2611 113 2638 ut
127 2607 212 2651 propter
227 2601 287 2638 fidem
303 2597 378 2637 Christi
393 2601 538 2649 probaremur,
564 2613 605 2639 non
621 2608 706 2653 propter
722 2616 784 2654 opera

92 2675 151 2726 legis,
175 2676 230 2725 quod
255 2678 288 2726 (at
311 2679 340 2714 est
364 2674 385 2714 iu
403 2674 472 2735 literis
494 2675 570 2722 sceris]
594 2689 650 2717 nerito
668 2678 785 2718 mortalium

91 2750 215 2803 probabitur
231 2752 288 2800 (Deo)
302 2753 389 2803 propter
401 2748 447 2803 lepis
459 2763 526 2803 opera.
546 2748 567 2789 Si
577 2763 626 2789 uero
637 2764 673 2801 per
684 2749 785 2791 Christum
