1723 3054
96 227 135 272 tlt
350 230 497 271 EXCURSUS
514 231 529 269 l.

95 334 194 372 mosaicae
218 339 289 372 natura
311 334 396 372 interim·
415 347 438 372 ac
457 334 516 372 vilior
534 348 574 372 nou
593 334 684 385 profecta
704 334 742 372 fuit
761 335 786 372 ab

95 409 194 456 auctoris,
218 409 251 460 qui
272 409 335 456 dedit,
359 409 394 447 sed
417 409 441 446 ab
466 409 580 456 hominum,
604 410 637 460 qui
660 414 787 460 acceperunt,

96 483 241 529 imbecillitate;
258 496 294 521 nec
311 493 351 531 est,
369 483 424 534 qnod
439 497 511 538 neges,
527 496 571 522 eam
588 497 600 522 a
614 497 691 523 summo
707 484 788 523 numine

96 558 141 608 ipso
167 559 264 608 originem
290 558 378 597 duxisse.
417 557 504 596 Omnino
528 558 613 606 Paulus,
637 559 672 597 ubi
695 561 718 597 de
742 559 786 610 lege

97 645 146 670 mos.
163 633 260 683 disputat,
278 641 369 672 naturam
386 634 439 680 eius,
456 646 497 671 non
514 634 611 683 originem
627 633 713 683 respicit.
746 632 785 672 Sed

98 707 168 754 video,
192 706 399 759 Voigtl'a'uderum
422 721 448 746 ex
471 707 514 747 aliis
537 708 596 746 etiam
615 708 666 746 locis
686 708 788 757 opinionis

47 828 49 831 Ι
98 796 144 821 suae
163 782 296 833 patrocinium
316 783 406 832 petiisse:
430 784 501 820 etenim
523 785 542 834 1)
562 784 582 820 in
599 782 647 821 loco
664 781 727 820 nobili
743 783 788 820 Act.

100 860 119 904 7,
136 858 168 895 53.
185 858 245 895 verba
261 857 292 907 εἰς
307 854 413 910 διαταγὰς
429 853 523 911 ἀγγέλων
539 857 787 914 υεςαιαΧρΗοαιίγιοεεα

99 932 137 969 uisi
163 933 186 969 de
211 931 287 982 angelis
313 939 405 982 tanquam
430 928 493 986 νόμου
519 931 647 978 atteruntur,
671 937 786 982 propterea,

99 1006 153 1058 quod
169 1001 261 1061 διαταγή
278 1012 297 1044 et
317 1001 438 1048 &tardasset
457 1019 536 1056 semper
555 1007 630 1043 dicatur
650 1006 674 1043 de
693 1006 728 1053 iis,
753 1006 787 1056 qui

101 1082 156 1132 leges
180 1082 245 1118 ferant
268 1087 287 1118 et
309 1081 436 1118 constituant.
475 1082 501 1117 At
523 1080 607 1118 solenne
623 1079 786 1127 'est,Hebraeis,

101 1169 150 1207 quae
174 1157 192 1193 in
215 1154 280 1193 Deum
303 1155 387 1202 cadunt,
411 1168 434 1193 ea
456 1155 572 1205 simpliciter
595 1155 681 1193 tribuere
705 1155 788 1207 angelis,
813 1142 815 1149 „

101 1231 143 1270 eius
167 1230 271 1275 ministris,
295 1230 462 1279 quemadmodum
486 1230 529 1279 ipse
548 1229 571 1267 V.
592 1231 715 1268 demonstrat
732 1226 789 1267 'iufra

101 1320 120 1356 p.
140 1308 184 1343 148.
215 1304 293 1341 Deinde
310 1304 378 1353 quidni
395 1300 515 1346 &terdonen
532 1306 556 1342 de
571 1304 595 1342 iis
611 1307 671 1342 etiam
687 1304 726 1343 dici
741 1317 789 1355 pos-

100 1381 135 1426 sit,
152 1380 186 1430 qui
201 1379 251 1416 alius
268 1373 370 1415 cuiusdam
387 1378 467 1417 nomine
483 1384 502 1415 et
517 1379 634 1416 auctoritate
645 1379 699 1429 leges
710 1378 789 1416 ferunt?

101 1453 160 1492 Certe
176 1453 224 1490 nibil
241 1453 292 1491 inest
307 1453 327 1489 iu
344 1453 381 1490 hac
396 1465 458 1500 voce,
479 1453 533 1503 quod
551 1453 576 1490 ad
597 1465 632 1492 eos
651 1454 788 1490 tantummodo

101 1533 183 1579 spectet,
194 1528 227 1579 qui
237 1532 308 1576 sua-pte
316 1528 433 1577 auctoritate
440 1527 496 1577 leges
504 1528 598 1566 scribunt.
607 1551 636 1555 —
645 1527 664 1576 2)
674 1525 718 1565 Col.
727 1530 746 1575 2,
759 1530 789 1565 rt.

102 1603 167 1641 verbis
186 1598 231 1657 ἀργ.
248 1599 286 1643 καὶ
302 1600 368 1651 ἐξουσ,
388 1601 495 1652 significari
515 1601 617 1639 contendit
634 1602 705 1652 genios
725 1602 789 1640 coele-

103 1683 142 1716 stes
162 1676 264 1726 (eosdem,
284 1676 317 1725 qui
335 1674 410 1725 Ephes-
428 1676 449 1723 3,
468 1677 498 1712 10.
519 1671 582 1730 ἀργαὶ
601 1673 639 1717 καὶ
657 1674 750 1726 ἐξουσίαι
769 1676 790 1717 ἐν

101 1756 147 1800 τοῖς
163 1749 293 1805 ἐπουρανίοις
308 1749 453 1800 appellentur),
468 1758 487 1787 et
503 1751 527 1788 de
543 1762 601 1788 seusu
618 1750 657 1788 loci
672 1751 712 1788 hoe
727 1751 790 1788 addit:

102 1825 149 1872 „die
161 1824 226 1876 Engel
240 1826 329 1863 konnteu
346 1824 482 1865 ebendarum
498 1837 537 1862 von
548 1824 598 1862 lesu
613 1824 689 1875 besiegt
704 1825 790 1871 heissem

102 1899 147 1939 weil
157 1900 200 1936 ihre
212 1897 358 1944 Constitution,
374 1890 405 1935 die
416 1900 529 1937 mosaisohe
541 1898 637 1945 udmlicb,
648 1899 711 1936 durch
721 1899 790 1937 seineu

102 1974 229 2012 Kreuzestod
250 1973 361 2011 vernichtet
380 1972 462 2010 worden
482 1976 548 2010 warf‘
578 1974 608 2010 At
626 1985 684 2011 nemo
704 1985 745 2010 non
761 1974 791 2010 in-

100 2048 183 2098 telligit,
203 2057 275 2085 temere
290 2048 349 2085 istum
365 2047 433 2084 locum
449 2044 493 2085 Col.
510 2050 530 2094 ²2,
551 2051 579 2086 tt.
596 2047 621 2085 de
636 2046 712 2097 augelis
727 2047 790 2097 expli-

102 2124 152 2160 eari:
172 2135 218 2159 uam
235 2122 275 2159 alia
290 2122 350 2159 etiam
369 2126 436 2171 potest
453 2120 499 2158 iniri
517 2115 668 2171 interpretatio,
688 2112 738 2171 quae
757 2134 791 2159 cur

101 2196 167 2234 aliena
182 2197 218 2242 sit,
236 2196 315 2234 idoneis
331 2194 452 2246 argurueutis
469 2196 606 2233 demonstrare
622 2196 706 2233 debebat
722 2195 757 2243 V„
772 2209 790 2233 v.

101 2271 276 2320 Baumgarteu.
296 2277 315 2307 et
333 2269 477 2307 Heinriehs.
497 2271 522 2307 ad
541 2270 560 2306 h.
580 2270 592 2307 l.
624 2267 714 2317 Scilicet,
738 2270 791 2320 quod

100 2344 218 2400 “ppqoitet'otu
237 2341 278 2386 τ’ῶν
298 2340 392 2397 &queldo
413 2358 430 2382 v.
453 2346 482 2381 18.
503 2344 526 2381 de
549 2344 645 2395 religione
668 2343 791 2395 angelorum,

99 2419 118 2455 h.
135 2433 151 2455 e.
172 2419 196 2456 de
214 2417 284 2455 humili
303 2417 403 2468 religione
422 2418 500 2456 iudaice
520 2419 558 2456 dici
577 2424 644 2468 putat,
667 2419 686 2456 id
710 2418 792 2467 nemini,

100 2493 134 2543 qui
153 2493 240 2543 aliquem
260 2492 334 2530 habeat
352 2493 497 2542 interpretandi
520 2506 587 2540 usum,
610 2493 669 2531 facile
691 2493 791 2543 probabit.

100 2566 132 2605 De
151 2580 200 2605 vero
220 2568 292 2605 horum
309 2567 417 2605 uerborum
434 2579 493 2605 sensu
509 2581 526 2606 v.
543 2567 686 2606 Heinriehs.
702 2568 728 2606 ad
743 2568 762 2606 h.
777 2567 791 2606 l.

101 2665 125 2670 -⁴
150 2643 170 2693 3)
186 2641 289 2680 Provocat
308 2642 331 2680 ad
354 2642 431 2680 rTim,
452 2643 473 2700 3,
496 2645 525 2680 16.
549 2643 582 2682 ubi
605 2638 669 2698 detur]
693 2638 792 2696 ἀγγέλοις

99 2717 167 2755 vertit:
191 2730 232 2765 „er
256 2717 291 2755 hat
313 2717 356 2756 sich
377 2718 415 2755 den
435 2716 513 2768 Engelu
535 2717 636 2769 glcrreich
655 2717 790 2768 dar·gestellt,“
