1723 3054
366 155 371 157 .
395 146 407 176 e

318 228 375 268 OAP.
392 230 426 267 Vl.
442 225 469 267 vs
480 232 573 268 15-18.
751 198 805 269 137²

102 334 245 385 psychomach.
262 335 309 372 360.
332 334 414 372 Lucian.
436 331 488 384 Opp.
509 333 539 371 cd.
559 332 629 371 Reitz
644 332 686 380 Ill,
707 344 726 382 p.
743 333 791 383 489.

102 408 185 447 Tertull.
202 410 246 450 adv,
257 409 311 448 haer.
323 412 357 447 40.
373 408 456 447 Hieron.
468 408 493 446 ad
503 407 576 459 Ezech.
589 411 606 445 9.
622 421 641 458 p.
653 410 700 445 404.
717 405 790 457 Epiph.

102 484 156 521 haer.
174 484 215 533 27.)
231 484 284 522 inuri
299 466 391 523 solebant
405 497 424 522 v.
434 482 533 534 Dresig.
548 482 603 522 Diss.
620 483 644 521 de
659 495 696 521 usu
712 482 791 534 stigma

68 598 74 601 .
102 563 142 595 tum
161 571 192 608 ap.
209 557 261 596 Vett.
281 558 413 608 Lipsittss.
430 560 449 595 4.
473 548 619 603 eroebelin
634 556 717 595 Miscell.
733 556 790 606 Lips.
829 582 840 585 -

102 631 128 679 X,
144 645 163 682 p.
181 635 206 670 79
222 645 265 683 sqq.
288 632 404 684 Dcyling.
422 629 520 671 Observv.
536 644 587 671 sacr.
599 630 638 679 ΠΙ,
653 644 673 681 p.
690 631 730 668 423
747 643 791 681 sqq.

103 706 220 747 Wetsten.
236 706 267 753 II,
287 720 306 756 p.
324 709 363 744 237
380 718 409 757 sq.
432 705 527 757 Lydius
543 706 567 743 de
582 719 604 743 re
618 704 673 744 milit.
693 709 713 752 1,
731 708 749 743 6.
766 703 791 743 al.
819 739 823 745 .

81 787 84 788 ’
101 780 152 818 Inde
168 780 239 818 volunt
254 780 346 819 nonnulli
362 781 393 830 (ut
408 778 544 831 Galixtus),
560 779 644 817 Paulum
661 780 699 817 hoc
715 779 792 817 dicere:

103 867 136 908 cqc
155 860 218 894 lotum
237 868 267 895 mc
286 854 402 896 consecravi
422 855 511 906 Christo)
533 860 553 892 ut
569 854 670 904 oppositio
687 859 739 892 esset
754 853 792 891 cir-

103 929 241 977 cumcisionis,
260 935 321 967 notae
336 929 472 987 ludaeorum,
491 934 510 967 et
525 930 597 967 horum
613 929 736 980 stigmatum,
751 928 791 978 sig-

103 1017 174 1042 norum
189 1003 276 1043 hominis
292 1004 357 1043 christ.
373 1017 391 1042 r.
403 1002 556 1056 Schoettgen
571 1016 591 1055 p.
604 1006 650 1043 754.
675 1001 713 1042 Seu
730 1002 792 1042 satius

103 1085 143 1125 est,
159 1078 233 1132 utiam
249 1079 317 1117 docuit
332 1077 447 1127 Grotius,
462 1079 481 1117 h.
497 1079 510 1118 l.
527 1079 596 1134 στίγμ-
612 1080 649 1133 Xp.
666 1077 792 1128 interpretari

102 1152 161 1204 signa
176 1158 195 1191 et
210 1158 277 1201 notas,
294 1166 345 1204 quae
359 1154 380 1191 in
396 1166 482 1204 corpore
493 1152 515 1193 P.
527 1159 664 1193 remanserant
674 1152 791 1204 apericulis

103 1234 122 1265 et
137 1227 282 1267 calamitatibus
297 1234 381 1279 propter
397 1240 488 1268 caussam
505 1228 571 1268 christ.
583 1229 675 1279 perlatis,
690 1233 713 1266 ut
726 1241 738 1266 a
749 1228 790 1266 vin-

104 1302 164 1350 culis,
180 1315 192 1339 a
207 1304 331 1351 carceribus,
351 1316 363 1340 a
378 1302 461 1355 flagellis
478 1310 508 1341 cet
530 1317 547 1342 v.
565 1301 635 1341 tOnr.
650 1307 681 1352 ll,
693 1304 791 1341 23-25.

103 1376 212 1415 Theodor:
239 1372 288 1427 τοὺς
308 1374 414 1432 μώλωπας
433 1375 470 1421 καὶ
485 1378 526 1420 τῶν
542 1378 645 1433 αἰκισμῶν
660 1375 689 1421 τὰ
705 1381 789 1436 σημεῖα.
843 1421 860 1426 ,,

105 1449 214 1502 Singularis
230 1456 270 1498 est,
287 1452 322 1491 sed
337 1452 418 1503 longius
432 1453 516 1503 repetita
527 1450 664 1492 Oedmanni
680 1452 789 1503 explicatio

104 1529 172 1577 (verm.
189 1523 270 1564 Samml.
286 1540 302 1566 z.
320 1525 452 1565 Naturknndc
462 1527 502 1573 ΙΙΙ,
517 1541 536 1577 p.
551 1528 610 1577 100).
