1723 3054
72 243 100 288 38
234 243 333 285 VERSIO
349 244 461 284 LATINA.
488 244 546 285 GAP.
563 245 597 284 VI.

45 366 58 399 ς
74 350 167 399 eupiunt,
191 349 211 385 hi
226 361 264 387 vos
280 349 395 388 eircumcidi
414 350 492 396 iubent,
511 361 536 386 ne
556 361 614 387 eruee
634 346 707 387 Christi
726 360 762 386 ue-

75 427 154 462 xentur.
180 421 251 473 Neque
267 423 320 461 enim
334 424 385 474 ipsi,
402 423 436 473 qui
452 424 631 470 circumciduntur,
646 424 711 474 legem
728 423 764 461 ob-

75 503 165 545 servant,
181 497 216 536 sed
235 497 306 536 volunt
324 510 360 536 vos
381 498 507 545 eircumcidi,
526 502 547 535 ut
565 511 577 535 a
592 502 658 536 vestro
672 510 765 547 eorpore

76 571 179 624 gloriandi
198 573 300 611 materiem
318 578 404 611 sumunt.
436 574 454 610 A
472 585 504 611 me
518 585 568 610 vero
583 572 644 624 iunge
660 573 711 611 absit
726 572 766 609 aliu

77 646 163 698 quadam
178 660 200 685 re
215 647 298 697 gloriari
314 659 372 697 quem
388 660 448 686 eruce
462 646 538 686 domini
548 647 612 685 nostri
622 646 673 685 Jesu
683 645 765 694 Christi,

77 734 114 772 per
130 734 189 772 quem
204 726 223 759 et
237 734 270 760 res
285 726 377 759 terrenae
392 722 413 759 in
434 734 512 760 erucem
530 721 579 759 mihi
598 725 654 759 actae
672 726 728 768 sunt,
747 726 766 759 et

78 808 115 846 ego
131 796 177 835 illis.
202 794 267 834 Penes
283 794 384 835 Christum
400 796 453 834 enim
468 808 506 834 nee
522 795 646 834 circumcisio
662 795 715 834 valet
729 808 767 834 nee

78 871 216 922 praeputium,
237 870 272 909 sed
293 883 347 908 nora
370 876 466 909 creatura.
496 870 524 908 Et
546 870 581 921 qui
602 870 655 908 hane
677 870 766 920 regulam

78 950 198 995 sequuntur,
221 945 246 984 iis
265 957 308 995 pax
327 946 429 999 continuet
449 950 469 983 et
483 945 547 996 gratie
562 944 657 995 (rtiuirru)
672 950 767 994 tanquam

79 1019 132 1058 veris
151 1018 253 1058 Israelitis.
288 1017 380 1057 Ceterum
403 1019 465 1057 nolite
488 1019 536 1057 mihi
558 1019 638 1070 negotia
659 1019 767 1065 facessere,

79 1106 126 1131 nem
142 1093 234 1144 equidem
249 1094 307 1145 signa
322 1092 396 1132 Christi
414 1094 434 1131 in
454 1106 540 1144 corpore
559 1106 614 1144 gero.
645 1091 716 1131 Gratia
731 1093 766 1130 do-

80 1167 129 1206 mini
144 1167 209 1206 nostri
223 1167 273 1206 Jesu
289 1165 336 1205 Chr.
352 1168 423 1206 animis
439 1168 519 1215 vestris,
536 1166 644 1214 carissimi,
661 1167 717 1205 adsit.
