1723 3054
93 228 121 271 cc
270 197 436 267 Annorurro
453 228 608 268 rnnrnrun.
656 284 658 287 ᾖ

93 347 141 385 pro:
156 333 217 371 damit
231 332 264 370 ich
279 333 334 371 nicht
349 338 400 372 elwa
414 333 461 371 liefe
477 333 526 370 oder
541 332 633 384 gelaufen
644 331 704 372 wara.
721 331 782 388 Quod

95 421 142 447 vero
158 407 232 445 Paulus
247 406 331 455 fatetur,
346 408 390 446 lieri
404 407 504 458 potuisse,
527 411 549 445 ut
564 409 651 446 studium
666 420 723 446 suurn
738 408 783 446 irri-

93 488 135 520 tum
154 488 216 529 essct,
239 482 279 520 boc
299 495 341 520 non
360 473 524 530 adversantis,
547 495 597 533 quae
613 488 658 521 ante
674 483 726 521 dicta
740 463 783 520 fue:

94 563 145 595 rant.
168 555 221 595 Nam
230 557 308 595 irritum
319 570 363 595 esse
378 561 457 607 poterat
472 556 560 594 studium
574 556 644 605 Pauli,
660 571 702 596 non
717 557 783 596 solum

95 632 111 670 si
127 633 191 682 ipsius
207 632 304 670 institutio
321 632 443 669 abhorrebat
459 644 471 668 a
485 631 568 669 veritate
582 632 649 670 christ.
660 632 784 683 (quodsane

95 720 137 745 non
158 707 243 745 cadebat
264 707 285 744 in
309 706 421 744 doctrinam
444 706 538 745 divinitus
561 706 726 759 suppeditatam)7
749 706 785 744 sed

97 782 167 829 etiam,
183 782 200 819 si
214 781 288 831 reliqui
296 780 393 831 Apostoli
403 779 462 818 Pauli
472 781 543 819 studiis
554 782 698 831 repugnabant.
713 780 785 831 Itaque

96 856 207 893 doctrinam
222 867 279 893 suam
294 856 402 905 proposuit
420 855 456 903 iis,
475 868 517 893 non
533 868 572 905 quo
582 855 631 905 'ipse
647 855 746 894 dubitaret
761 856 785 893 de

96 930 139 968 cius
154 930 238 967 veritate
253 929 287 979 (cf.
303 944 320 968 v.
334 932 352 967 2.
369 925 394 971 δι’
413 925 521 981 (iactat),
537 930 572 968 sed
587 936 609 967 ut
623 930 696 980 reliqui
706 931 786 980 Apost.‚

97 1005 177 1056 cognita
185 1003 284 1050 Paulinae
291 1004 423 1043 institutionis
439 1004 518 1052 indole,
534 1005 599 1043 studia
614 1017 651 1043 sua
666 1018 710 1043 cum
720 1003 785 1043 Paulo

98 1079 243 1129 coniungerent
257 1079 339 1129 eiusque
361 1079 499 1117 auctoritatem
520 1079 606 1129 apostol.
626 1079 692 1129 palam
710 1079 786 1117 stabili-

96 1159 145 1191 rent.
175 1153 199 1190 ld
217 1153 267 1200 iam,
287 1151 433 1203 Ohrysostomo
453 1159 572 1203 praeeunte,
587 1153 692 1203 perspexit
706 1154 786 1192 Tli'ec-

98 1228 178 1266 doret.
202 1226 232 1264 Ita
248 1227 310 1265 enim:
326 1223 349 1269 οὐ
360 1225 407 1283 περὶ
419 1227 495 1269 ἑαυτοῦ
505 1227 611 1279 atterrat,
623 1223 678 1270 ἀλλὰ
688 1226 735 1283 περὶ
745 1229 786 1272 τῶν

99 1298 173 1345 ἄλλων·
198 1302 317 1352 τουτέστιν,
334 1301 369 1343 ἵνα
385 1298 482 1357 μάῗωοιν
499 1297 594 1351 ἅπαντος
608 1298 647 1358 τὴν
662 1302 700 1344 τοῦ
711 1300 787 1360 κηρυγ-

99 1391 169 1431 ματος
179 1376 301 1432 συμφωνίαν
313 1374 351 1418 rani
361 1372 395 1418 ‘dat
409 1373 447 1418 καὶ
460 1380 506 1425 τοῖς
522 1371 694 1431 ἅλλοις-ἀρέσκει
708 1374 737 1419 τὰ
752 1375 784 1421 ὑπ’

99 1452 149 1506 ἐμοῦ
168 1446 317 1508 κηρυττόμενον
336 1451 361 1489 cf.
382 1450 440 1488 etiam
459 1449 537 1501 Pelag.‚
561 1449 669 1489 Oecumen.
689 1456 709 1489 et
726 1451 789 1491 Beza

98 1527 123 1564 ad
138 1527 158 1564 h.
173 1526 186 1564 l.

157 1600 181 1639 V.
199 1595 219 1638 3ss
248 1599 320 1639 Nexus
341 1600 485 1638 sententiarum
500 1600 533 1638 hic
548 1605 582 1638 est.
613 1600 698 1638 Tantum
714 1602 788 1651 aberat,
836 1621 840 1628 ν

99 1680 120 1713 ut
142 1674 171 1712 illi
194 1688 226 1713 me
250 1675 383 1726 corrigerent,
405 1679 428 1712 ut
446 1688 471 1712 ne
490 1674 557 1712 Titum
575 1674 654 1724 quidem
674 1675 789 1715 circumcidi

101 1751 198 1788 iuberent.
217 1744 277 1792 ‘Eli
294 1744 333 1801 dr,
348 1750 430 1789 rtotionc
446 1747 536 1787 Graecus
552 1748 577 1786 cf.
592 1748 631 1786 Tit.
648 1752 666 1797 1,
682 1753 701 1787 4.
720 1749 788 1789 lOor.

99 1828 119 1872 4',
138 1807 169 1862 15.
179 1847 209 1852 —
220 1820 255 1866 διὰ
271 1822 294 1866 δὲ
309 1820 360 1873 τοὺς
370 1828 405 1861 etc.
417 1823 464 1874 quid
476 1823 513 1861 sibi
524 1823 574 1861 haec
584 1823 646 1861 velint
656 1829 675 1861 et
686 1816 788 1875 quomodo

99 1900 198 1937 nectenda
220 1899 260 1937 sint
282 1911 326 1937 cunr
349 1898 499 1949 superioribus,
520 1898 541 1936 id
560 1911 602 1936 non
620 1898 698 1936 definiri
715 1904 789 1950 potest,

99 1974 138 2012 nisi
154 1987 180 2011 ex
195 1974 231 2020 iis,
248 1986 298 2023 quae
314 1974 408 2021 proxime
423 1979 543 2023 sequuntur,
560 1967 590 2022 οἷς
601 1968 648 2015 οὐδὲ
659 1979 695 2011 etc.
717 1974 741 2011 ln
757 1975 788 2013 his

99 2053 165 2086 autem
183 2048 234 2085 mira
255 2052 287 2085 est
305 2047 398 2085 lectionis
422 2047 560 2097 discrepantia.
594 2034 675 2085 Scilicet
697 2049 790 2087 nonnulli

98 2123 146 2162 libri
166 2123 197 2161 vel
218 2129 324 2173 utrumque
342 2134 387 2160 voc.
403 2115 435 2171 οἷς
450 2117 497 2163 οὐδέ
511 2121 543 2159 vel
559 2126 611 2159 certe
627 2117 676 2163 οὐδέ
692 2123 789 2172 omittunt,

99 2204 121 2236 ut
136 2199 180 2236 cod.
197 2196 284 2235 Claram.
300 2196 353 2235 Iren.
371 2199 390 2245 3,
408 2198 440 2233 13.
456 2195 539 2233 Tertull.
555 2209 570 2233 c.
586 2196 683 2234 Marcion.
696 2199 715 2245 5,
728 2199 745 2236 3.
762 2198 789 2248 (v.

100 2271 216 2311 Neander
234 2272 350 2323 Antignost.
369 2285 388 2322 p.
406 2272 466 2322 233.)
477 2270 567 2309 Hieron.
587 2271 683 2311 Ambros:
700 2273 789 2322 proban-

98 2348 152 2386 tibus
167 2347 246 2385 Millio
262 2347 341 2397 (contra
356 2360 414 2398 quem
425 2360 443 2384 v.
452 2346 550 2397 Whitby
560 2346 631 2383 Exam.
642 2360 661 2396 p.
674 2347 718 2397 36.)
729 2344 789 2385 Sern-

99 2423 166 2470 lero‚
189 2421 301 2471 Koppm,
325 2435 361 2460 nec
377 2421 459 2459 multum
474 2426 597 2472 repugnante
613 2418 788 2460 Griesbachio.

101 2495 173 2534 Deleta
197 2496 284 2548 negandi
308 2496 405 2546 particula
430 2496 462 2533 hic
487 2495 528 2533 fere
554 2495 649 2533 existeret
669 2507 739 2534 sensus
752 2495 789 2547 l¹):

148 2617 176 2658 11)
188 2610 278 2658 Nam'illi,
292 2616 320 2658 qui
332 2616 387 2648 verba
398 2626 414 2648 v.
424 2617 440 2648 4.
454 2620 472 2647 et
484 2615 500 2648 5.
513 2616 538 2647 sic
551 2617 641 2646 enarrant:
651 2619 724 2656 propter
736 2616 790 2657 falsos
854 2655 855 2658 Ἴ

100 2676 165 2716 fratrer
184 2674 264 2707 carriacus
283 2673 417 2714 (Antiochenis)
436 2678 454 2707 at
471 2675 584 2715 Htcrccctyraa
598 2673 746 2712 proficisceremur
763 2674 790 2705 ccl

101 2733 181 2766 cessurus
193 2733 261 2766 recrea
275 2734 398 2772 apostolorum,
412 2733 507 2773 neminem,
521 2730 582 2771 credo,
595 2730 715 2763 morabuntur.
