1723 3054
319 247 378 287 ΟΑΡ.
393 249 420 289 Η,
436 263 453 288 v.
471 253 553 290 e-io.
734 251 736 261 ²
754 246 780 291 61

91 354 151 392 etiam
162 353 218 392 Deus
226 352 291 391 Paulo
303 360 322 392 et
332 352 393 392 Petro
405 353 474 391 aderat
489 353 509 390 in
526 353 619 392 obeundo
635 352 676 391 hoc
690 359 780 400 munere,

91 434 114 466 ut
135 441 173 478 par
196 433 249 466 esset
263 428 373 479 ‚utriusque
395 427 486 479 magistri
509 427 601 479 dignitas.
635 425 696 475 Quos
715 428 782 466 statim

25 500 30 506 ’
91 507 153 541 mutat
170 507 290 540 structuram
307 501 331 540 P.
350 503 376 544 ἐν,
393 500 432 544 καὶ
448 499 496 557 ἐμοὶ
512 501 542 551 εἰς
556 518 575 544 τ.
591 502 635 546 ε’ἳῑν.
651 502 690 541 hoc
704 506 724 539 te
739 514 782 540 non

91 577 174 615 habebit
195 576 276 624 mirum3
298 583 385 628 utroque
408 577 461 615 enim
483 576 544 615 modo
563 581 619 614 recte
639 576 679 614 dici
696 581 782 627 poterat.

92 649 136 701 Syr.
152 651 204 689 hanc
219 655 329 690 structurae
345 651 481 690 diversitatem
498 651 582 690 sustulit.

150 725 174 765 V.
191 728 209 762 9Δ
232 721 292 781 χάριν
312 726 358 769 ὃοῖῖ.
377 726 468 776 loquitur
486 723 614 776 potissimum
635 724 659 761 de
681 737 782 772 successu⁷

93 813 132 850 quo
155 800 176 837 in
197 801 296 845 tradenda
319 799 410 838 doctrina
433 800 472 838 div.
495 811 542 838 usus
564 799 635 837 fuerat.
654 822 683 827 —
702 798 721 841 oi
739 801 799 856 lom

94 875 164 925 oculor
186 874 220 925 qui
240 874 302 912 habiti
325 880 371 912 sunt
394 874 493 914 columma
517 873 702 925 (ecclesiae),··die
725 871 783 912 datiis

93 949 171 1003 polteo,-
194 961 236 985 nnn
255 953 285 986 est
305 948 352 986 huic
366 948 413 997 poci
428 948 559 987 dubitationis
574 947 650 999 aliquid
665 948 783 999 admixtum,

93 1028 114 1060 ut
128 1022 230 1061 nonnullis
245 1022 333 1069 videtum
350 1022 373 1062 cf,
382 1019 497 1075 Chrysost„
514 1023 548 1073 qui
562 1024 613 1060 bene
627 1022 649 1059 in
664 1021 683 1060 h.
698 1022 711 1060 l.
729 1035 784 1062 com-

94 1102 193 1135 mentatus
209 1103 248 1145 est,
264 1102 283 1134 et
297 1096 429 1148 Homberg.
448 1095 529 1147 Parerg.
544 1110 564 1147 p.
582 1098 630 1134 277.
661 1096 710 1135 Voc.
727 1098 783 1141 στῦλ.

95 1172 146 1222 sign.
161 1171 264 1221 principes
279 1171 396 1221 apostolos,
412 1183 498 1222 quorum
513 1172 570 1221 quasi
585 1176 628 1209 erat
642 1176 704 1210 totam
720 1173 783 1211 eccle-

36 1296 38 1300 Δ
94 1245 143 1283 siam
158 1250 269 1284 sustentare
288 1246 313 1283 cf.
328 1245 393 1295 Apoc.
411 1247 434 1292 3,
453 1247 484 1283 12.
500 1250 519 1283 et
534 1243 677 1296 Schottgen.
694 1246 754 1297 aih.
769 1247 784 1285 l.

96 1317 191 1357 Similiter
206 1317 345 1368 uisosgfitob.
362 1323 426 1358 serm?
437 1332 455 1370 p.
472 1322 505 1357 47.
524 1319 549 1369 (v.
561 1318 688 1358 Gatacker
699 1304 784 1360 lovers.

96 1396 115 1441 2,
132 1393 185 1443 22),
200 1393 233 1433 lat.
251 1393 350 1433 columina
365 1393 444 1434 Terent.
460 1392 541 1432 Phorm.
553 1396 575 1441 2,
589 1396 607 1441 1,
624 1396 666 1442 57..
683 1395 785 1437 columnae

95 1467 166 1505 Horat.
183 1465 220 1504 Oti.
239 1471 256 1515 1,
274 1469 307 1515 35,
325 1467 356 1504 13.
386 1467 530 1517 Adde,-quod
548 1466 571 1505 P.
591 1468 695 1506 ecclesiam
715 1471 783 1509 christ.

95 1541 186 1579 aedilicio
202 1553 217 1579 s.
233 1541 308 1591 templo
324 1542 400 1591 passim
416 1541 512 1580 assimilat
530 1544 538 1578 1
556 1540 603 1579 Cor.
621 1544 640 1590 3,
659 1545 689 1580 16.
712 1545 784 1584 lTim.

97 1618 161 1663 3,15.
177 1615 229 1665 Eph.
241 1618 260 1662 2,
273 1617 305 1653 21.
322 1637 347 1643 -
364 1613 405 1666 Bu}
422 1629 471 1657 κοιν.
488 1617 566 1657 dextro
582 1617 723 1659 communionis
738 1620 757 1658 h.
769 1633 785 1658 e.

97 1702 137 1741 qua
155 1690 202 1728 data
220 1690 380 1732 communionem
399 1690 447 1727 iniri
465 1689 620 1741 significabatur.
641 1689 676 1733 ἵνα
693 1690 729 1748 tip-
748 1699 785 1735 etc.

97 1764 163 1815 suppl.
179 1763 212 1802 vel
224 1763 400 1818 proficisceremur
415 1764 447 1802 vel
463 1776 488 1802 ex
508 1765 562 1802 omni
578 1764 718 1816 disputationis
733 1768 785 1807 serie

97 1838 173 1889 (agitur
195 1838 248 1875 enim
271 1838 296 1875 de
321 1838 421 1878 tractatulo
447 1838 563 1890 evangelio)
588 1834 785 1896 stupelmopeta,

62 1962 65 1965 ¹
96 1907 274 1965 εὖαγγελίσωνται
293 1911 317 1951 ci.
338 1913 347 1948 1
363 1910 417 1948 Petr.
436 1915 457 1958 1,
474 1914 506 1971 22.
529 1934 559 1940 -
581 1912 604 1950 V.
624 1915 663 1951 io„
679 1911 724 1969 μέν.
743 1916 785 1959 τῶν

95 2000 161 2040 tuto-p.
178 1990 256 2025 contum
271 1985 336 2036 (quod
346 1986 371 2022 ad
382 1981 497 2042 περιτομήν
508 1986 585 2043 attinet)
597 1999 713 2040 pottperom
724 1990 785 2040 (max.
805 2039 806 2042 Ἴ

31 2104 36 2108 .
96 2059 212 2110 Palaestin.)
227 2065 250 2100 ut
260 2071 355 2100 memores
366 2071 452 2101 assereus
468 2060 612 2110 (sublevando,
624 2075 684 2111 opem
693 2063 785 2117 ferendo)

96 2147 124 2174 sc.
146 2135 283 2174 consensimus
305 2133 337 2173 vel
359 2139 459 2185 rogarunt
481 2147 524 2174 nos.
555 2134 584 2174 cf.
601 2136 660 2174 etiam
676 2128 787 2189 Grammat.

96 2221 118 2259 p.
134 2209 182 2247 518.
198 2231 223 2236 —·
242 2208 252 2251 ὁ
267 2207 306 2251 καὶ
316 2233 324 2238 -
335 2233 342 2237 -
354 2209 399 2251 ἐσπ.
415 2209 482 2265 ποιῆσ.
499 2209 604 2260 diligenter
619 2211 659 2249 feci
674 2211 725 2262 toph.
734 2216 754 2260 4,
767 2216 785 2254 3.

97 2281 128 2320 De
139 2295 161 2319 re
171 2282 216 2332 ipsa
226 2282 250 2319 cf.
266 2283 311 2320 Act.
325 2285 394 2329 11,.29
406 2295 430 2332 sq
453 2285 486 2330 24,
500 2286 531 2320 17.
546 2283 604 2321 Rom.
620 2286 651 2332 15,
666 2288 695 2326 17¹
715 2290 724 2324 1
738 2286 785 2328 Cor.

101 2359 132 2403 16,
146 2359 163 2394 1,
179 2358 189 2393 2
203 2354 250 2395 Cor.
262 2357 279 2393 8.
296 2353 398 2405 Singulari
414 2351 535 2398 ἐσπούδασα
546 2358 618 2406 utitur,
635 2361 689 2409 quod
699 2360 786 2401 Barnab.

97 2430 159 2481 paulo
175 2435 221 2481 post
236 2431 260 2468 ab
276 2442 300 2467 eo
316 2429 398 2468 recessit
417 2443 435 2468 v.
454 2432 488 2486 IS.
516 2427 568 2474 αὐτὸ
584 2433 646 2476 τοῦτο
662 2436 687 2472 ad
703 2433 785 2479 relat‘a'

98 2505 185 2555 graviter
200 2505 303 2544 adiectum.
