1723 3054
311 224 456 264 nxouaeus
471 204 507 263 rii.
714 223 754 267 167

64 330 119 368 nicht
134 331 184 368 eben
200 343 224 366 zu
240 329 321 368 einerlei
334 326 398 367 Sache
414 342 452 366 nur
467 329 577 379 gebraucht
594 329 684 376 werden,
701 328 753 367 doch

64 404 90 442 ist
105 404 163 444 dabei
180 402 229 442 Gott
245 403 317 455 (indern
334 417 355 442 er
371 403 461 442 mehrerc
471 403 544 441 Mittler
559 403 580 441 in
597 404 754 442 verschiedenen

65 477 188 517 Geschdften
206 479 339 531 gebraucht),
358 480 427 517 immer
446 478 508 515 Eincr
528 479 565 516 und
583 478 684 525 dersessre,
701 479 718 516 d.
736 479 753 515 hi

64 553 96 591 ein
113 552 187 591 Mitsser
203 567 244 592 war
259 567 313 592 zwar
329 554 397 592 Moses
413 553 468 591 nicht
484 553 570 604 weniger
587 554 617 591 als
628 553 688 592 desus
700 551 753 599 Chr,

65 629 103 666 den
118 641 164 666 man
180 633 238 667 sonst
252 627 399 679 vorzugsweise
416 627 463 678 (vgl.
484 627 554 665 lTim.
567 620 630 678 M.)
646 639 669 665 so
685 632 753 673 neunt,

65 703 112 741 aber
128 703 196 740 darum
213 703 269 740 nicht
283 702 358 739 Mittlcr
374 700 407 739 fiir
425 702 471 748 das,
492 714 533 739 was
552 702 616 740 dieser
634 715 659 739 zu
675 702 753 739 vermit-

64 775 105 814 teln
128 777 167 814 und
188 777 326 815 auszuriohteu
346 777 412 814 hatte:
435 777 464 814 sie
486 788 552 813 waren
572 776 620 813 aber
638 776 707 822 balde,
730 789 753 813 so

65 851 101 889 wie
123 851 172 888 auch
191 851 234 888 ihre
255 850 364 890 Geschtfte
389 851 427 888 und
447 850 542 897 Zwmke,
565 863 604 887 uon
622 849 685 896 Gon,
710 852 754 887 dem

64 924 129 963 Einen
145 925 186 962 und
201 925 243 963 sich
258 925 328 963 immer
343 924 452 973 Gleichem
470 938 509 963 von
526 924 569 962 dem
585 924 640 962 Alles
655 925 755 962 Ιωιυιῐιίιι

54 1001 92 1037 =At
107 1003 168 1052 uero,
185 1006 205 1037 ut
219 1003 307 1047 taceam,
322 999 423 1039 vocabulo
441 994 471 1048 εἷς
486 998 584 1049 duplicem
596 997 656 1037 tribui
667 1011 755 1045 sensum,
773 1042 775 1050 ³

66 1075 118 1125 qnod
134 1074 153 1113 h.
169 1075 182 1111 l.
197 1075 240 1112 fieri
257 1087 298 1111 non
313 1079 380 1124 potest
396 1073 436 1111 ullo
453 1074 513 1111 modo
530 1074 551 1123 (v
568 1073 626 1111 Keil
646 1073 662 1120 l,
674 1087 693 1123 p.
709 1075 754 1124 io),

65 1147 157 1187 Christus
173 1148 205 1187 hic
221 1161 260 1186 non
277 1153 370 1199 tanquam
388 1148 485 1202 μεσίτης,
501 1148 537 1187 sed
552 1152 645 1198 tanquam
663 1149 754 1202 σπέρμα,

66 1215 81 1282 ᾦ
99 1219 230 1279 ἐπήγγελται
245 1236 262 1261 v.
282 1225 323 1269 ia,
342 1228 453 1273 spectatur,
474 1222 508 1260 illa
522 1228 587 1260 autem
605 1222 691 1276 μεσίτου
707 1236 754 1271 pro-

64 1298 142 1345 vincia,
158 1310 209 1349 quae
220 1296 293 1335 Christi
309 1310 352 1336 esse
368 1297 414 1335 alibi
431 1297 514 1345 dicitur,
530 1298 554 1335 ab
571 1297 607 1335 hac
618 1295 675 1334 Pauli
687 1297 754 1347 dispu*

66 1372 142 1410 tatione
158 1384 242 1422 prorsus
257 1371 323 1409 aliena
339 1376 373 1410 est.

123 1462 217 1514 Sequitur
238 1463 261 1500 J.
285 1462 483 1511 Schulthessius‚
506 1463 616 1514 Tigurinus
640 1462 753 1513 theologus.

64 1540 84 1577 Is
101 1536 218 1588 (Analeo‘ten
235 1551 252 1574 v.
268 1536 325 1575 Keil
346 1539 386 1575 und
403 1537 550 1577 Tzschirner
566 1537 592 1584 Π,
610 1541 628 1585 3,
644 1551 663 1587 p,
683 1539 754 1574 133-

68 1615 121 1662 152.)
132 1611 159 1663 ⁹³)
180 1612 232 1650 hanc
251 1611 359 1662 proposuit
373 1612 570 1662 interpretationem:
586 1612 635 1659 „hic
651 1612 754 1650 internun-

66 1688 109 1726 cius
130 1686 220 1736 (Moses)
241 1699 282 1724 non
301 1692 331 1725 est
349 1687 484 1738 internuncius
504 1686 563 1725 unius
581 1687 594 1724 i.
611 1699 626 1725 o.
644 1687 755 1725 communis

65 1762 119 1800 illius
137 1761 188 1809 Dei,
211 1762 245 1810 qui
265 1761 314 1798 olim
335 1766 354 1798 ct
373 1762 490 1800 Abrahamo
510 1762 633 1812 spopondit,
655 1775 692 1812 per
711 1775 755 1800 eum

67 1835 176 1887 aliquando
195 1841 264 1887 gentes
282 1835 362 1873 beatum
380 1835 404 1872 iri
425 1836 470 1885 (des
488 1836 620 1887 allgemeinen
638 1835 756 1874 Menschen-

66 1914 157 1963 gottest,
181 1915 201 1947 et
223 1909 257 1960 qui
277 1915 307 1948 est
330 1922 380 1947 unus
401 1922 415 1949 s,
435 1910 546 1948 communis
567 1910 656 1948 omnium
675 1899 755 1960 parens,

67 1985 104 2025 sed
124 1989 154 2023 est
172 1984 239 2034 potius
257 1983 396 2023 internuncius
419 1984 546 2036 angelorum,
569 1998 653 2036 quorum
676 1991 756 2036 praeter

67 2066 144 2100 ceteras
164 2063 233 2111 gentes
252 2058 361 2109 praecipua
380 2063 400 2097 et
418 2060 477 2097 unica
495 2059 620 2098 Judaeorum
640 2073 688 2098 cura
706 2065 757 2107 erat,

66 2134 183 2185 archangeli
199 2133 303 2172 Michaelis
322 2141 351 2181 et,
371 2135 424 2185 quod
444 2135 516 2173 ducere
535 2133 632 2181 creditur,
651 2135 757 2186 agminis.“

66 2209 114 2247 Non
136 2221 219 2259 possum
243 2221 255 2246 a
275 2222 307 2247 me
325 2209 444 2259 impetrare,
469 2210 530 2257 utin
551 2210 603 2248 hanc
622 2209 660 2247 viri
678 2210 758 2263 egregie

67 2284 120 2322 docti
143 2280 262 2321 sententiam
286 2284 404 2331 concedam,
427 2284 458 2323 his
480 2284 606 2335 potissimum
627 2285 652 2323 de
671 2285 756 2323 caussis:

70 2361 87 2407 1)
105 2371 143 2408 pro
160 2357 242 2395 arbitrio
259 2357 352 2405 sumitur,
369 2358 464 2397 omissum
480 2371 524 2398 esse
534 2359 598 2409 ᾖεοῦς
615 2364 669 2398 certe
684 2372 758 2409 aspera

67 2433 161 2473 cethaee
177 2431 251 2470 oratio:
267 2427 276 2474 ὃ
294 2431 317 2475 δὲ
334 2447 379 2488 pso.
396 2429 441 2482 ἑνὸς
457 2429 496 2476 οὐκ
513 2433 579 2486 ἐστίν,
595 2429 605 2476 ὃ
622 2433 646 2476 δὲ
660 2428 712 2491 {relig
727 2427 759 2484 εἷς

67 2508 122 2560 ἐστί,
137 2520 187 2559 pro:
203 2502 213 2549 ὃ
228 2507 251 2550 δὲ
262 2519 308 2562 pec.
320 2508 372 2552 ‘teet
388 2508 426 2550 τοῦ
443 2504 488 2559 ἑνὸς
504 2505 542 2552 οὐκ
558 2509 603 2553 ἐστί
618 2514 665 2557 etc;
686 2511 707 2559 2)
724 2508 758 2547 vix

115 2726 143 2768 93)
157 2726 204 2759 add.
217 2728 289 2757 noneste
302 2723 355 2758 theol.
368 2723 485 2758 Nachrichten
499 2725 548 2759 1828.
565 2737 581 2768 p.
595 2723 617 2757 59
629 2735 654 2766 sq.
