1723 3054
104 222 130 265 34
237 221 337 262 tunsio
353 220 466 260 LATINA.
490 221 549 260 OAP.
565 222 603 260 Ill.
619 222 654 261 IV.

105 325 152 365 Chr.
168 327 260 366 habitam.
284 319 397 376 *Quotquot
412 329 463 365 enim
479 327 574 377 baptizati
590 326 637 365 estis
652 326 672 363 in
684 323 791 373 Christum,

104 402 158 439 hunc
178 400 263 451 (veluti)
282 400 380 439 induistis.
417 400 464 440 Non
487 406 517 440 est
539 401 625 451 amplius
647 400 737 439 audaeus
760 406 794 438 ant

105 473 205 522 Graecus,
229 487 269 512 non
289 480 318 514 est
337 488 408 514 seruus
426 481 460 513 ant
474 476 582 526 ingenuus,
600 488 642 513 non
658 480 689 514 est
703 487 745 513 mas
760 480 794 512 aut

103 548 191 595 femina,
217 561 286 587 omnes
312 550 364 587 enim
389 562 427 588 vos
449 550 469 587 in
492 562 552 587 unum
574 549 660 602 (qnasi)
683 548 792 596 coaluistis,

104 620 187 662 Christo
203 623 253 662 Jesu
270 624 344 674 quippe
360 624 440 662 addicti.
471 621 491 662 si
507 636 556 661 vero
572 636 609 662 vos
625 621 699 661 Christi
714 623 793 673 (estis),

104 697 217 735 Abrahami
237 699 296 736 etiam
315 699 362 737 estis
381 699 449 749 proles
467 704 486 736 et
504 697 645 747 promissionis
667 698 688 735 ui
710 697 806 737 heredes.

105 771 219 824 (felicitatis
231 773 364 824 promissae).

394 998 448 1055 Cap.
464 998 504 1041 IV.

161 1144 214 1182 Dico
234 1150 309 1192 autem,
332 1146 436 1192 heredem,
457 1146 503 1183 dum
522 1159 572 1195 puer
590 1146 625 1193 sit,
646 1146 695 1183 nihil
711 1146 791 1184 differre

106 1232 118 1255 a
133 1231 204 1266 servo,
224 1232 337 1269 quanquam
357 1220 444 1257 omnium
465 1220 558 1258 dominus
574 1231 612 1268 est3
632 1220 667 1258 sed
686 1226 743 1270 paret
758 1221 793 1258 du-

106 1294 161 1331 cibus
185 1299 204 1330 et
227 1293 399 1343 dispensatoribus
414 1306 477 1344 usque
498 1295 523 1332 ad
542 1300 619 1344 tempus
638 1307 650 1332 a
668 1299 726 1345 patre
746 1307 794 1332 con-

104 1368 199 1406 stitutum.
234 1367 265 1405 Ita
284 1368 342 1405 etiam
363 1381 410 1416 nos,
432 1382 475 1406 cum
495 1369 553 1419 pueri
572 1381 671 1416 essemus,
691 1369 793 1407 elementis

104 1442 161 1492 quasi
177 1442 284 1492 mancipati
300 1442 380 1480 fuimus.
403 1442 550 1493 Posteaquam
567 1456 616 1481 vero
631 1448 710 1493 tempus
726 1442 793 1492 (diot-

103 1518 158 1556 πεῖθε
181 1516 321 1567 constitutam)
343 1517 454 1566 praeteriit,
475 1517 550 1568 legavit
569 1516 625 1555 Deus
644 1517 707 1555 filium
728 1529 792 1565 suum,

104 1596 173 1628 natum
189 1604 200 1628 e
215 1590 298 1628 muliere
313 1591 393 1642 legique
409 1596 427 1628 et
442 1591 508 1639 ipsum
524 1592 645 1638 subiectum,
660 1597 683 1628 ut
698 1604 745 1645 eos2
760 1592 794 1642 qui

104 1665 146 1716 legi
168 1670 271 1715 parerent,
295 1665 410 1713 redimeret,
435 1679 474 1716 quo
499 1666 587 1703 filiorum
612 1666 658 1703 iura
683 1678 793 1717 conseque-

104 1753 178 1777 remur.
210 1737 259 1777 Cum
275 1753 324 1777 vero
340 1741 383 1778 sitis
402 1740 446 1787 filii,
466 1740 537 1778 imbuit
554 1739 609 1778 Deus
625 1741 697 1790 spiritu
711 1740 747 1778 filii
763 1741 794 1779 sui

104 1815 182 1852 animos
198 1814 286 1861 vestros,
303 1827 342 1864 quo
358 1815 477 1864 precemini:
496 1816 549 1853 abba
564 1815 583 1852 h.
600 1828 617 1853 e.
632 1819 695 1864 pater.
721 1814 792 1865 Itaque

104 1902 144 1926 non
165 1901 186 1927 es
206 1889 291 1938 amplius
310 1902 391 1937 servus,
412 1890 447 1928 sed
466 1889 529 1936 filius,
549 1890 588 1927 iam
608 1890 626 1928 si
645 1889 709 1937 tilius⁷
733 1889 793 1927 etiam

105 1965 164 2001 heres
183 1963 223 2001 Dei
240 1976 277 2013 per
296 1961 403 2001 Christum.
438 1962 478 2002 Sed
499 1969 540 2016 tum
563 1964 654 2014 quidem,
675 1964 793 2014 ignorantes

104 2036 181 2085 Deum,
203 2037 300 2076 serviistis
323 2036 377 2085 Diis,
402 2038 436 2088 qni
458 2043 531 2075 natura
553 2038 698 2076 nulliessent.
734 2036 794 2076 Nunc

104 2124 153 2150 vero
168 2117 275 2169 postquam
291 2110 356 2149 Deum
373 2112 495 2162 cognovistis
515 2111 546 2150 vel
565 2112 634 2162 potius
653 2112 727 2163 cogniti
747 2112 793 2151 estis

105 2185 189 2234 aDeo⁷
208 2187 261 2224 unde
276 2186 307 2234 fit,
326 2193 347 2224 ut
366 2199 436 2225 rursus
451 2199 488 2225 vos
505 2186 625 2225 convertatis
641 2187 666 2224 ad
681 2186 761 2224 infirma
775 2192 794 2224 et

105 2255 184 2299 inutilia
202 2261 310 2309 elementa,
331 2261 402 2312 quibus
423 2262 488 2299 denuo
508 2261 582 2299 servire
601 2260 674 2299 vultis?
692 2260 742 2314 Dies
758 2261 794 2299 ob-

106 2337 199 2384 servatis,
221 2342 240 2374 et
262 2349 340 2375 menses
364 2342 383 2374 et
406 2343 498 2387 tempora
521 2342 541 2374 et
563 2349 633 2375 annos.
667 2336 746 2374 Vereor
768 2348 794 2373 ne

104 2410 156 2448 forte
174 2410 249 2449 frustra
267 2411 401 2450 laboraverim
419 2412 440 2448 in
460 2412 519 2450 vobis
537 2411 684 2461 (erudiendis).
715 2408 794 2448 Similes

104 2490 168 2523 estote
190 2485 249 2533 mihi,
276 2487 443 2536 quemadmodum
469 2499 506 2537 ego
532 2485 600 2532 vobis3
624 2484 733 2532 carissimi,
756 2497 793 2522 oro

104 2572 151 2607 uos,
174 2559 249 2597 nullam
272 2560 320 2597 mihi
343 2560 435 2598 iniuriam
458 2560 540 2599 fecistis.
570 2557 640 2597 Nostis
663 2563 739 2607 autern,
762 2571 793 2597 me

105 2647 193 2685 corpore
217 2633 291 2672 afflicto
317 2647 381 2684 nuper
403 2636 461 2674 vobis
485 2634 596 2673 doctrinam
620 2633 659 2672 div.
681 2633 793 2672 tradidisse.

104 2708 181 2760 Neque
198 2715 266 2747 tamen
289 2708 341 2746 hanc
363 2710 457 2764 eorporis
479 2708 638 2748 imbecillitatem
660 2708 793 2748 contemsistis
