1723 3054
279 228 491 269 rsounconsun
513 233 524 283 p
542 235 560 270 4.
739 232 767 275 23

135 357 155 399 3.
180 354 320 397 Postremum
335 354 461 399 accedimus
477 355 505 398 ad
520 371 557 399 eus
573 356 714 414 interpretes,
730 357 769 413 qui

76 435 128 479 inde
151 435 178 478 ab
202 426 330 479 emendatae
353 436 460 480 ecclesiae
478 442 576 493 tempore
594 438 618 480 in
632 437 690 481 hanc
704 437 769 480 Pauli

76 514 105 558 ad
120 514 212 560 Galatas
228 516 343 574 epistolam
359 517 501 561 commentati
517 522 574 560 sunt.
602 517 630 560 In
643 518 678 562 his
694 525 769 563 autem

75 597 171 654 primum
195 597 269 641 locum
294 604 355 642 tenet
369 598 513 642 Lutherus
536 598 633 656 ipsam),
657 614 768 643 sacrarum

75 677 188 721 literarum
211 680 314 737 egregius
338 681 482 736 instaurator⁷
508 679 546 736 qui
560 685 586 722 ut
600 680 624 722 in
640 685 724 723 ceteros
739 681 768 724 V.

76 773 102 801 ac
116 758 146 802 N.
162 759 188 802 T.
203 760 273 803 libros
288 760 357 815 itapin
372 760 476 818 epistolas
492 761 558 804 etiam
576 760 605 803 ad
619 759 732 804 Romanos
744 744 770 804 ¹¹et

77 838 169 883 Galatas
189 841 358 884 commentarios
373 841 463 899 scripsit
477 841 530 885 satis
546 841 642 899 amplos·‚
663 840 768 885 eruditio-

77 919 111 963 nis
120 927 186 977 atque
196 921 280 980 ingenii
289 928 358 966 testes
368 922 562 980 locupletissimos,
574 925 702 987 qua-nquam
713 923 766 967 satis

75 997 176 1058 constan
192 1018 242 1046 eum
258 1003 281 1044 in
295 1003 362 1046 rebus
378 1004 449 1061 magis
464 1003 600 1047 illustrandis
611 1019 677 1060 quam
692 1003 716 1046 in
730 1020 767 1047 ex-

18 1136 20 1142 .
75 1080 185 1138 plicandis
200 1083 316 1126 vocabulis
331 1084 429 1140 uersari,⁴
450 1083 473 1126 id
489 1083 550 1140 quod
564 1100 629 1127 nemo
644 1084 776 1140 mirabitur‚.

76 1162 128 1218 qui‚-
147 1178 214 1220 quam
233 1180 300 1223 grave
320 1164 349 1208 sit
368 1170 390 1208 et
405 1179 455 1208 cum
470 1164 525 1222 ipsis
540 1163 628 1207 illorum
642 1170 768 1223 temporum

77 1245 256 1289 contentionibus
282 1246 425 1290 coniunctum
447 1246 562 1303 utriusque
581 1246 686 1304 epistolae
702 1262 767 1304 argu-

46 1314 53 1321 ”
73 1316 184 1381 mentum7
201 1326 331 1384 cogitaverit
339 1329 375 1380 ⁶¹).
404 1326 483 1383 Itaque
498 1332 558 1370 totus
573 1327 619 1370 fere
634 1332 668 1370 est
682 1327 767 1371 tuthe-

74 1420 112 1448 rus
133 1406 157 1448 in
180 1406 305 1449 enarrandis
329 1421 355 1449 ac
378 1406 522 1450 defendendis
544 1406 600 1450 locis
623 1406 766 1464 dogmaticis,

75 1486 113 1544 qui
129 1491 180 1531 sunt
191 1485 218 1530 de
229 1486 395 1544 iustificatione,
411 1487 491 1545 gratia,
507 1486 577 1531 libero
593 1486 691 1544 arbitrio,
707 1487 764 1546 lege,

73 1634 214 1641 ——-—

76 1744 96 1783 G
117 1745 136 1782 J.
152 1743 259 1782 Vossius
279 1743 300 1780 in
319 1743 388 1781 histor.
404 1742 472 1794 Pelag.
495 1746 521 1791 l‚·
533 1746 551 1783 4.
588 1743 621 1781 De
636 1743 706 1781 indole
721 1744 768 1783 libri

76 1820 101 1861 cf.
125 1815 302 1859 Rosenmiiller
324 1817 361 1856 III.
386 1831 406 1870 p.
427 1820 467 1857 503
483 1831 526 1871 sqq.
567 1816 697 1858 Sohrdclrh
719 1818 766 1859 KG.

76 1895 133 1936 XIV.
157 1908 176 1945 p,
194 1896 233 1931 337
250 1907 293 1945 sqq.
339 1894 453 1945 Wiggers
472 1893 567 1932 Darstell
587 1895 606 1934 d.
626 1896 766 1946 Angustia-u.

76 1970 177 2021 Pelagian.
193 1982 212 2019 p.
228 1971 255 2006 48
273 1981 302 2019 sq.

121 2074 156 2124 50)
172 2071 256 2122 Duplex
278 2078 309 2110 est
324 2071 406 2110 Lutheri
428 2071 448 2109 in
468 2072 519 2110 hanc
535 2073 590 2122 epist.
607 2073 768 2121 commentarius,

77 2150 128 2189 alter
142 2147 224 2200 longior
240 2147 269 2199 (in
284 2148 336 2200 epist
357 2148 383 2187 ad
398 2146 444 2187 Gal.
461 2147 615 2187 commentarius
631 2160 658 2186 ex
672 2147 761 2199 praelect

65 2225 101 2263 vD.
117 2225 151 2265 Mt.
166 2224 271 2262 Lutheri
293 2224 390 2263 collectus
412 2224 477 2263 Viteb.
507 2226 566 2264 1535.
592 2226 611 2264 8.
636 2223 675 2261 iam
700 2224 767 2262 denuo

77 2300 131 2351 dilig.
145 2289 274 2349 recognitus{
289 2299 396 2349 castigatus
412 2304 449 2338 ete.
476 2299 540 2336 Viteb.
559 2299 618 2335 1538.
635 2301 653 2334 4.
669 2302 690 2335 et
707 2301 767 2338 1543.

77 2378 95 2413 4.
112 2387 127 2413 s.
143 2374 155 2413 l.
173 2375 213 2425 8.),
229 2373 310 2413 brevior
326 2372 376 2410 alter
393 2373 421 2422 (in
438 2373 494 2422 epist.
505 2371 561 2409 Paul.
578 2372 604 2409 ad
613 2370 680 2411 Galat.
697 2373 768 2414 Mart.

77 2447 346 2502 LuthertAugustiniani
369 2432 530 2507 commentarius.
560 2445 620 2487 1519.
649 2451 668 2486 4.
694 2448 768 2502 [Lips]

77 2528 142 2566 Viteb.
161 2529 220 2565 1523.
237 2526 277 2578 a).
457 2507 463 2511 ”

49 2669 51 2671 ,
121 2633 156 2682 51)
173 2630 303 2681 Antiquiores
321 2630 439 2680 interpretes
459 2642 528 2668 omues
549 2618 687 2668 fereenarrat
702 2630 768 2668 Wal-

76 2705 147 2744 ehius
163 2704 257 2743 Bibliotn
274 2704 334 2744 theol.
354 2704 412 2743 Tem.
429 2697 463 2743 IV.
480 2718 498 2755 p.
516 2707 555 2742 697
572 2716 615 2755 sqq.
