1723 3054
302 225 361 265 CAP.
375 227 402 265 II.
417 241 436 266 v.
455 232 494 265 1-
502 232 520 266 2.
729 227 757 270 55

67 338 89 370 ut
104 345 140 380 ne,
158 332 175 370 si
195 331 226 368 his
241 331 349 370 videretur
358 330 414 368 Paul.
431 330 569 382 castigandus,
584 333 667 386 publica
682 344 757 382 expos·
801 370 804 371 γ

67 406 163 445 tutatione
185 405 249 455 ipsius
267 405 376 445 auotoritas
395 404 535 456 infringeretur
546 405 580 457 10).
596 429 624 434 —
644 406 765 458 δοκοῦντες-

68 479 152 519 Graecis
168 480 338 532 (recentioribus)
354 481 447 523 dicuntur
462 479 487 527 ii,
508 480 542 530 qui
557 481 654 533 (magna)
670 481 758 520 auotori-

68 559 109 593 tate
124 555 205 602 florent,
228 555 249 592 in
269 554 364 606 singulari
381 554 476 605 dignitate
492 554 594 593 constituti
609 538 669 603 sunt.
680 555 719 594 viri
733 556 758 594 il-

67 629 150 678 lustres,
172 642 253 681 grares;
276 629 378 668 Theodor.
398 634 452 666 recte
468 628 553 686 ἔνσημοι
569 628 606 679 (of.
622 629 691 680 Eurip.
707 627 756 670 Hec.
786 615 788 618 .

68 706 115 742 225.
130 705 165 742 ubi
180 718 198 743 v.
214 701 337 755 Schafer).
367 703 399 742 Ita
420 702 520 754 Porphyr.
544 704 568 742 de
591 704 661 744 abstin.
682 707 704 752 2,
723 708 757 743 40.

67 784 113 829 τοῖς
123 777 209 821 δοκοῦσι,
225 778 311 828 opponit
325 773 355 820 τὰ
365 774 449 834 πλήξῃ
465 790 483 815 v.
499 779 551 828 inpr.
562 778 680 818 Wetsten.
692 779 757 819 Rabb.

67 853 124 892 simil.
136 852 206 891 dicunt
222 840 332 915 ῙὈἹἮΠ.
352 853 398 891 Alia
413 853 464 890 ratio
480 858 510 892 est
524 853 565 891 loci
575 852 687 904 Xenoph.
699 853 756 893 Hier.

68 931 87 977 2,
106 933 129 977 1.,
146 941 205 980 quem
220 928 425 979 raudarKypkius‚
441 933 460 966 et
476 941 556 976 eorum,
572 939 623 979 quae
638 941 669 978 ap.
681 928 757 966 Hero-

68 1003 131 1041 dian.
154 1007 177 1051 6,
200 1006 216 1041 1.
238 1006 256 1042 3,
275 1003 373 1054 leguntur.
403 1001 506 1050 Ceterum,
530 1003 610 1053 quinam
632 1002 707 1041 fuerint
728 1002 765 1045 illi,

68 1078 191 1128 δοκοῦντες,
201 1083 256 1128 patet
266 1090 292 1116 ex
302 1091 320 1115 v.
333 1080 350 1115 9.
367 1100 396 1107 -
410 1077 466 1133 τρέχ.
476 1073 490 1133 ἢ
502 1077 543 1132 &dp
566 1076 590 1114 In
606 1076 682 1116 deliciis
697 1077 758 1117 habet

67 1152 90 1190 P.
101 1153 173 1200 verba,
189 1165 262 1203 quaea
276 1152 342 1190 stadio
358 1152 420 1209 petita
435 1157 481 1190 sunt
496 1151 517 1201 (l
530 1149 576 1189 Cor.
588 1154 607 1198 9,
619 1152 661 1203 24.)
677 1151 703 1189 ad
718 1151 757 1203 sig·

68 1227 189 1265 nificandum
205 1230 308 1265 strenuum
325 1225 423 1276 quendam
433 1225 535 1273 laborem,
549 1226 602 1275 inpr.
615 1239 671 1273 eum,
688 1227 721 1277 qui
735 1227 757 1264 in

67 1301 183 1339 tradendam
199 1300 262 1338 doctr.
278 1300 406 1338 christianam
422 1300 528 1337 insumitur
546 1297 614 1337 lOor.
626 1302 645 1347 o,
658 1302 690 1337 26.
705 1298 757 1339 Phil.
829 1330 832 1332 .

68 1378 87 1424 2,
106 1377 137 1413 16.
154 1374 228 1413 nTim.
240 1378 264 1423 4,
276 1377 294 1412 ’1.
320 1371 413 1412 Ceterum
428 1373 535 1430 modorum
551 1378 571 1411 et
585 1379 659 1424 tempp.
675 1386 723 1413 usus
738 1376 756 1413 h.

66 1449 79 1488 l.
97 1449 209 1500 paullulum
226 1449 320 1487 laborare
342 1448 431 1495 videtur,
454 1447 472 1486 si
494 1444 571 1503 μήπως
593 1448 710 1486 transfertur
732 1462 757 1491 rte

66 1523 123 1577 forte.
153 1522 194 1560 Pro
210 1523 277 1578 τρέχω
293 1526 340 1572 post
355 1527 439 1572 praeter.
460 1517 568 1578 ἀνεῇέμην
588 1534 640 1571 opus
659 1528 701 1560 erat
720 1536 756 1574 op-

66 1599 128 1637 tativo
144 1598 174 1647 (v.
193 1596 275 1651 Herm.
291 1597 317 1633 ad
331 1595 378 1647 vig.
396 1609 416 1646 p.
433 1597 503 1647 sio),
525 1601 545 1634 et
563 1596 643 1635 indicat.
665 1596 756 1653 ἔδραμον

66 1685 108 1711 non
130 1672 208 1710 videtur
230 1670 273 1710 ullo
297 1670 358 1708 modo
380 1670 448 1708 locum
466 1670 542 1709 habere
560 1683 621 1720 posse
641 1677 755 1723 propterea,

67 1747 122 1798 quod
136 1747 170 1785 hic
185 1746 256 1784 modus
271 1757 313 1782 rem
328 1757 375 1783 vere
390 1745 464 1783 factam
479 1757 522 1784 esse
537 1745 615 1783 indicat
629 1746 659 1796 (v.
675 1744 756 1786 Herm.

66 1822 78 1859 l.
98 1823 132 1873 c).
162 1820 216 1859 Hinc
238 1819 391 1858 Fritzschius
414 1817 541 1868 (Coniectan.
563 1820 584 1857 in
602 1818 628 1859 N.
647 1820 670 1859 T.
689 1820 710 1868 Ι,
731 1823 757 1861 ad

66 1910 86 1947 p.
103 1897 148 1947 50.)
164 1895 226 1933 verba
240 1887 310 1932 nostra
324 1893 353 1932 sic
368 1894 519 1943 interpretatur:
541 1906 589 1933 nuru
608 1894 690 1947 [φαείνω
705 1909 756 1949 ope-

66 1984 111 2011 rum
126 1982 191 2010 rreum
206 1969 228 2009 ia
244 1981 314 2023 eooop.
328 1969 406 2009 insumo
422 1972 458 2007 uret
472 1968 570 2009 lrrrrrmsr'?
588 1969 625 2016 Ar,
641 1982 755 2020 quanquam

67 2045 133 2084 subita
147 2045 199 2082 haec
212 2043 310 2082 sententia
325 2055 337 2080 a
351 2041 410 2080 Pauli
424 2043 564 2094 ingeniolnon
579 2043 685 2092 abhorret,
708 2045 756 2092 mihi

66 2125 133 2158 tamen
152 2120 174 2157 in
193 2118 272 2170 vulgari
292 2117 428 2168 explicatione
448 2118 555 2168 persistere
573 2118 645 2168 placet.
676 2117 756 2158 Scilicet

66 2194 141 2233 iactum
160 2206 203 2233 esse
222 2194 310 2241 videtur,
334 2193 389 2243 quod
406 2205 505 2244 persaepe
522 2193 576 2243 apud
591 2205 675 2244 graecos
691 2194 755 2245 scrip->

66 2277 130 2315 tores,
145 2274 175 2305 >ut
190 2269 252 2306 verba
267 2267 325 2304 Pauli
339 2267 368 2304 ita
387 2268 550 2325 mundarentur,
574 2280 613 2317 quo
631 2268 693 2306 modo
713 2274 754 2308 tum

67 2343 171 2394 cogitarit:
189 2342 222 2380 ioh
236 2342 288 2393 legte
303 2342 363 2379 ihnen
379 2341 444 2379 meine
459 2340 525 2379 Lehre
540 2355 577 2380 vor
593 2341 638 2392 (bei
652 2343 691 2381 mir
707 2345 755 2383 den-

67 2419 146 2475 kend).
168 2418 215 2457 dass
233 2418 265 2456 ioh
285 2416 339 2454 nieht
357 2421 408 2455 etrra
424 2438 431 2444 ·
447 2439 455 2445 -
470 2416 525 2455 laufe
544 2418 593 2456 oder
611 2418 704 2469 gelaufen
721 2419 754 2458 bin

114 2613 142 2654 10)
154 2612 207 2646 Patet
218 2613 272 2655 igitur
285 2621 320 2644 non
333 2611 389 2643 solum
395 2612 477 2653 privatior
486 2612 508 2645 de
516 2612 549 2644 hac
555 2611 607 2644 Pauli
619 2622 682 2645 caussa
696 2597 754 2645 actum

66 2670 128 2711 inisse,
144 2674 164 2701 ut
177 2669 284 2702 Gablerus
296 2669 307 2701 l.
320 2679 335 2700 c.
348 2668 444 2701 contendit.
469 2669 496 2703 Cf.
509 2670 549 2703 Act.
563 2669 589 2711 15,
604 2671 630 2704 12,
643 2671 664 2703 V.
678 2670 700 2703 ad
713 2670 729 2702 lr.
741 2671 754 2704 l.

64 2727 157 2760 Luther.
