1723 3054
111 250 151 297 116
285 249 450 292 munerario
467 246 620 295 perarmet.

112 358 158 396 falsi
168 357 271 406 doctores,
287 368 358 397 contra
369 372 419 410 quos
431 359 518 409 disputat
527 359 565 411 Pa.
587 348 640 399 Inud
650 361 743 411 praefero
757 373 801 398 eum

113 432 240 472 Passovio.
272 432 316 485 Syr.
335 442 354 472 et
371 434 559 485 Vulgaomodum
579 438 681 489 ambigue:
698 436 800 501 giwii),

112 512 219 562 persuasio
234 515 310 551 oestro.
334 509 425 549 Ceterum
442 512 663 561 notaparonomasiam
676 512 699 549 cf.
712 511 804 551 Gramm.
844 535 846 538 s

112 584 139 622 N·
155 585 178 623 T·
194 599 212 635 p.
230 587 270 623 560
286 598 316 636 sq·
337 609 367 632 ,—
390 582 431 628 οὐκ
448 585 472 627 ἐκ
491 586 528 627 τοῦ
545 588 649 628 namon
665 588 757 636 profecta
772 593 801 625 est

114 661 235 711 (quemadm.
250 655 264 714 ἡ
280 661 358 710 πίστις)
375 672 387 696 a
402 659 446 697 Deo
465 668 491 709 tv.
503 661 527 698 ad
542 665 559 707 1,
572 661 608 708 ej),
625 657 742 700 nonhabet
757 660 800 699 eum

113 740 221 773 auctorem.
244 734 289 772 Hac
306 731 413 790 μειώσεως
427 735 491 785 figura
501 736 575 785 passim
586 736 648 773 utitur·
657 734 726 783 Paul,
742 735 800 774 Rom.

117 816 134 857 1,
146 812 178 849 aa,
194 809 256 847 Hem.
270 811 302 857 13,
317 813 346 848 ιτ.

171 883 194 923 V,
211 887 230 922 9.
252 883 283 921 Ita
298 884 335 921 fuit
349 884 370 921 in
385 884 494 933 proverbio
510 872 540 922 css
556 882 623 922 lCor.
641 888 663 932 5,
676 888 693 922 t.
717 883 799 923 Senten-

114 954 141 997 tia
159 965 199 997 est:
221 957 253 995 vel
274 959 332 1008 pauci
354 959 448 996 homines
468 971 573 1008 perperam
597 960 691 997 docentes
714 966 800 1010 possunt

115 1046 195 1071 omnem
211 1042 290 1071 coetum
305 1045 443 1082 corrumpere,
459 1039 593 1071 transversum
610 1046 674 1084 agere.
705 1030 759 1090 ζύμη
775 1035 800 1072 de

114 1109 166 1146 falsa
184 1107 275 1145 doctrina
294 1107 377 1146 solenne
397 1114 427 1145 est.
444 1108 529 1154 nostris,
548 1121 565 1145 v.
583 1108 615 1145 tlt.
635 1110 666 1155 16,
678 1110 702 1145 ’6.
728 1113 736 1145 l
754 1105 800 1146 Cor.

115 1188 134 1230 ὁ,
152 1186 169 1223 i.
189 1180 251 1220 Simil.
268 1183 279 1218 l
296 1181 347 1220 Tim.
364 1184 383 1228 2,
403 1185 433 1219 17.
451 1177 460 1223 d
476 1177 538 1236 λόγος
554 1178 622 1224 αὐτῶν
639 1177 667 1231 ὦς
682 1179 801 1238 γάγγραινα
851 1181 860 1230 J

113 1253 177 1312 νομὴν
194 1255 245 1308 ἔξει,
265 1269 302 1294 nec
317 1256 398 1294 multum
415 1256 509 1294 abhorret
524 1257 585 1295 Arab.
601 1248 706 1307 protero:
727 1271 801 1311 porum

114 1331 256 1372 ootoritetdinis
271 1331 382 1383 corrumpit
396 1331 479 1370 otaltum
497 1331 612 1372 clulccdlnis.
644 1330 727 1380 [Paullo
743 1331 801 1369 aliter

113 1404 236 1455 Theophyl.:
258 1399 271 1460 ἡ
295 1401 410 1461 περιτομή,
435 1404 474 1458 μία
496 1397 548 1446 οὖσα
568 1402 652 1460 ἐντολή,
673 1405 704 1454 εἰς
721 1407 800 1448 vetera

61 1496 63 1498 ·
114 1475 244 1534 'Ioooaiopba
260 1474 317 1532 ὑμᾶς
333 1481 460 1533 μετακαλεῖ,
477 1479 522 1517 add.
538 1477 641 1529 Chrysost.
658 1493 675 1529 p.
693 1482 739 1518 716.
770 1480 801 1518 Ita

114 1555 170 1593 multi
187 1553 325 1592 recentiorum.
349 1551 389 1591 Sed
405 1567 445 1591 non
461 1558 521 1603 puto,
537 1567 554 1591 u.
568 1557 585 1590 9.
601 1554 667 1592 redire
677 1554 800 1603 Apostolum

113 1630 139 1667 ad
155 1642 188 1675 ea,
210 1640 261 1678 qnae
276 1641 294 1665 v.
312 1628 330 1665 3.
346 1628 448 1678 tetigerat,
464 1629 582 1677 praesertim
599 1641 642 1666 cum
658 1629 717 1666 etiam
732 1643 751 1667 v.
770 1632 799 1669 lO.

115 1705 138 1742 de
158 1703 270 1754 magistris,
290 1715 380 1740 errorum
400 1703 526 1749 auctoribus,
546 1702 648 1752 disserat]
663 1701 719 1741 ‘Pro
740 1707 801 1758 ζυμοῖ

113 1779 162 1818 boni
177 1777 223 1816 libri
239 1775 304 1826 (ΒἛ)
321 1777 379 1814 codd.
395 1776 428 1814 lat.
445 1789 476 1826 ap.
495 1775 550 1814 Hier.
566 1782 586 1814 et
598 1777 689 1814 Marcion
705 1791 736 1827 ap.
752 1777 801 1827 Epi-

112 1854 172 1904 phan.
183 1852 257 1890 hebeni
273 1852 338 1902 ὃολοῖ,
354 1850 602 1901 quodValckenarius
618 1849 696 1901 (Seleot.
712 1866 722 1890 e
738 1852 800 1891 sohol.

113 1927 139 1965 ΙΙ.
160 1929 217 1977 its.)
237 1926 389 1976 praeferendum
410 1926 514 1965 existimat.
546 1929 606 1980 ζυμοῖ
623 1926 675 1964 enim
695 1932 800 1976 poterate

112 2003 158 2040 loco
177 1999 244 2038 lCor.
257 2003 279 2046 5,
292 2003 308 2037 6,
323 2000 399 2039 invehi.

170 2076 194 2114 V.
216 2078 246 2112 10.
277 2075 372 2117 aeroma
396 2075 416 2117 ἐν
439 2088 483 2130 nup.
507 2075 607 2126 iungenda
629 2080 684 2113 sunt:
705 2076 800 2128 fiduciam

109 2164 163 2205 pono
179 2150 201 2189 la
217 2152 267 2196 Deo,
287 2149 310 2188 cf.
327 2148 378 2189 Phil.
395 2152 414 2197 2,
431 2152 474 2196 24,
493 2163 530 2188 nec
545 2150 593 2196 fuit,
612 2151 665 2199 quod
681 2149 800 2200 interpretes

110 2227 131 2263 in
151 2226 191 2262 hoc
210 2238 254 2262 voc.
275 2224 295 2265 ἐν
311 2239 356 2279 *Adp-
376 2224 498 2280 explioando
514 2234 562 2262 sese
573 2228 689 2273 torquerent
704 2236 722 2261 v.
738 2224 799 2262 Bor-

111 2313 154 2351 ger
171 2299 196 2337 ad
207 2300 225 2336 h.
236 2298 249 2335 l.
266 2321 288 2325 *
309 2293 360 2340 ἄλλο
377 2311 435 2349 quam
451 2300 506 2348 qnod
521 2311 558 2350 ego
574 2299 594 2335 in
610 2297 747 2347 superioribus
762 2312 799 2338 vos

112 2373 189 2413 edocui.
206 2396 230 2401 --
250 2388 306 2428 opor.
322 2385 349 2411 so.
365 2372 417 2411 lecta
432 2373 469 2410 hac
484 2372 577 2424 epistola.
594 2368 682 2425 βαστάζ.
696 2388 715 2416 τ,
727 2389 759 2428 χρ,
770 2379 800 2412 est

111 2461 188 2500 poenas
203 2448 265 2495 ferre,
275 2447 297 2485 in
307 2460 329 2486 se
342 2447 454 2498 suscipere,
469 2447 536 2495 luere,
551 2447 564 2487 i.
577 2460 594 2497 q.
605 2442 757 2501 λαμβάνεσῗΐαι
767 2463 799 2504 up.

110 2524 144 2561 Mt.
162 2524 196 2571 23,
215 2526 245 2561 14.
261 2521 320 2561 Rom.
334 2523 366 2570 13,
378 2524 396 2560 2.
412 2545 440 2550 —
455 2521 479 2560 V.
494 2525 524 2559 11.
545 2518 585 2576 ἐγὼ
602 2522 635 2573 δέ,
652 2521 670 2563 εἰ
685 2537 751 2579 nepta.
769 2523 800 2565 ἔτι

110 2613 156 2655 xpp.
187 2596 244 2635 Haec
259 2597 320 2649 vulgo
335 2610 442 2647 perperam
461 2603 550 2635 vertunt:
569 2610 603 2651 ego
619 2598 636 2637 sl
653 2596 719 2637 adlttto
732 2610 800 2651 prae-

110 2672 224 2715 dicorcm-
239 2694 254 2700 -
270 2684 333 2726 qaaere
355 2672 460 2713 remorer?
490 2670 564 2710 Sensus
587 2677 626 2710 est:
649 2685 683 2725 epo
706 2686 753 2713 uero
777 2673 800 2723 (a

109 2748 192 2787 crimine
217 2748 378 2787 adversariorum
401 2747 546 2798 transgreditur
568 2746 593 2784 ad
616 2759 675 2786 suum
698 2747 799 2798 quoddam
