1723 3054
125 237 153 281 96
300 235 467 276 ΑΝΝΟΤΑΤΙΟ
483 237 637 278 PERPETUA.
684 252 690 256 ·

127 358 167 396 181.
187 342 212 384 ἐκ
230 336 377 396 roan-adp„
396 342 494 389 indicant,
515 340 615 381 Christum
634 350 698 390 sorte,
718 350 771 393 qnae
787 344 811 380 ab

128 417 214 453 humana
229 415 278 453 nihil
290 415 423 466 discreparet,
439 429 496 454 usu-m
512 416 584 464 fnisse,
600 418 706 455 humanam
723 422 812 454 naturam

126 495 187 534 totam
203 489 291 528 induisse
308 489 367 540 (Phil.
379 493 399 538 8,
411 493 448 541 ‘1323
463 489 521 527 aliter
534 491 585 528 enim
598 499 639 529 non
648 491 723 542 potuit,
740 496 761 529 ut
775 491 813 528 fert

84 560 88 565 ”
126 564 266 614 apostolorum
291 565 372 614 opinio,
395 564 487 602 homines
503 577 519 605 a
539 565 589 616 legis
611 566 693 604 servitio
717 566 813 604 redimere

126 637 194 688 (Rom.
207 641 225 686 8,
238 641 256 676 3.
272 638 333 676 Hebr.
347 641 366 686 2,
380 628 410 676 14.
425 640 465 690 17.)
481 653 499 676 v.
510 638 595 678 Excurs.
611 643 627 679 1.

185 713 208 749 V.
221 715 239 750 5.
256 709 416 767 ἀπολαμβάνει»)
429 714 524 757 dicuntur
538 714 591 764 inpr.
602 713 642 761 illi,
658 714 691 764 qui
703 714 812 765 quaeipsis

127 787 226 825 destinata
236 793 255 824 et
266 787 322 837 quasi
333 788 422 837 reposita
432 794 484 834 sunt,
496 788 604 837 accipiunt,
616 785 659 825 Col.
670 790 689 834 3,
699 790 732 825 24.
744 790 755 825 2
765 787 779 825 J
781 789 812 826 oh.

127 862 144 897 8.
158 861 183 898 cf.
194 859 253 898 Num.
265 860 428 909 1111111111
445 875 522 900 consor.
533 862 577 900 hist.
590 864 623 900 51·
639 861 737 905 dotatio.
748 869 814 904 autem

126 935 178 986 sign.
195 948 274 973 omnem
288 936 401 984 hominum,
418 936 451 986 qui
466 936 487 973 in
502 936 542 975 Dei
552 942 646 987 tanquam
656 936 719 987 patris
730 939 813 987 gratiam

127 1015 224 1047 venerunt
243 1011 334 1060 adeoque
349 1010 377 1047 nil
392 1010 431 1048 nisi
446 1012 501 1048 bona
515 1012 540 1049 ab
557 1024 580 1048 eo
597 1015 713 1060 exspectare
729 1018 814 1061 possunt

128 1083 187 1133 (tales
204 1084 255 1121 enim
271 1083 397 1133 appellantur
413 1082 453 1126 uici
466 1085 502 1126 τοῦ
513 1084 564 1127 “deod
577 1087 596 1132 3,
609 1085 661 1135 28),
678 1085 813 1123 conditionem

127 1158 153 1206 (u.
165 1157 299 1194 Tittmann.
317 1170 385 1207 opusc.
401 1171 420 1207 p.
433 1159 488 1207 336.)
504 1157 556 1195 Rom
575 1161 594 1205 8,
609 1161 640 1196 15.
653 1159 685 1195 23.
701 1157 752 1209 Eph.
767 1162 783 1206 1,
796 1161 813 1196 5.

130 1233 184 1282 (opp.
197 1231 294 1280 dauleio).
308 1254 332 1259 κ
344 1232 368 1268 V.
382 1234 398 1268 ss.
415 1232 499 1285 πνεῦμα
509 1228 575 1274 18111.
588 1228 633 1274 αὐτ.
646 1239 671 1283 tr·
684 1234 703 1280 3,
717 1235 747 1270 14-
763 1232 814 1293 Phil.

130 1308 149 1352 ⁶1,
162 1304 189 1356 5.)
201 1310 231 1343 est
241 1305 318 1343 animus
328 1318 397 1343 amore
408 1312 427 1343 et
436 1306 510 1344 fiducia
519 1306 591 1356 plenus
603 1307 658 1357 (opp.
667 1306 743 1354 timori,
760 1307 814 1357 qnod

127 1385 157 1418 est
172 1379 255 1434 πνεῦμα
271 1379 384 1429 δουλείας).
405 1403 432 1409 —
450 1375 510 1436 ἡμῶν
527 1379 626 1419 Griesb.
642 1381 702 1418 scribi
716 1381 774 1419 iussit
789 1382 814 1419 ad

126 1454 159 1491 fid.
180 1453 238 1492 codd.
258 1452 392 1491 ACDFG
407 1459 426 1491 et
445 1455 472 1491 all
498 1467 534 1492 nec
553 1468 594 1492 non
615 1467 676 1493 verss.
697 1460 716 1492 et
734 1460 814 1505 patrum

128 1528 255 1577 quorundam
273 1541 311 1577 pro
330 1523 397 1575 dudm
417 1533 470 1566 certe
487 1528 538 1566 illud
557 1534 578 1566 ut
597 1529 696 1567 difficilius
713 1529 749 1578 (81.
767 1528 814 1571 desi

129 1599 178 1652 nial.)
194 1606 274 1652 poterat
287 1601 375 1639 librariis
390 1603 482 1640 fraudem
498 1603 571 1640 facere.
582 1626 610 1631 -—
626 1599 704 1658 apostol
720 1603 777 1641 alibi:
794 1604 814 1645 dt

130 1667 273 1733 ᾦκράζομευ,
289 1675 347 1713 Rom.
364 1679 386 1723 8,
401 1679 430 1714 15.
447 1676 476 1726 (ut
486 1677 505 1713 h.
516 1676 530 1714 l.
542 1678 615 1715 habent
631 1675 685 1720 FG,
702 1677 735 1727 qui
749 1682 815 1715 1111811

129 1750 175 1788 libri
191 1750 353 1787 emendationum
368 1754 388 1786 et
402 1750 543 1801 glossematum
555 1751 572 1789 si
583 1751 616 1801 qui
627 1751 660 1788 alii
671 1751 740 1789 referti
750 1753 815 1803 sunt);

129 1820 188 1880 χράζ.
204 1829 268 1861 autern
285 1829 315 1862 est
330 1825 439 1873 (ardenter,
455 1825 554 1876 impense)
567 1826 698 1878 procera-ut
708 1826 752 1864 Jac.
766 1828 785 1874 5,
797 1830 815 1864 4.

128 1898 186 1937 Rom.
197 1899 210 1936 l.
223 1911 238 1936 c.
250 1902 269 1936 et
279 1911 310 1948 ap.
318 1898 382 1937 LXX.
398 1922 427 1927 -
443 1895 500 1951 ἇββᾶ
516 1898 583 1948 (Rom.
597 1902 616 1947 3,
631 1902 661 1939 15.
678 1900 715 1939 Mr.
729 1903 761 1949 14,
773 1903 815 1952 33.)

129 1973 193 2013 chald.
218 1973 285 2030 &353
309 1987 343 2012 cur
363 1973 491 2024 peregrinum
510 1986 554 2012 voc.
574 1979 648 2024 ponat,
664 1988 705 2012 non
721 1975 816 2013 convenit

128 2049 180 2084 inter
199 2028 333 2097 explicatores
354 2061 372 2084 u.
391 2048 512 2086 Tholncc.
533 2049 559 2086 ad
577 2048 635 2087 Rom.
654 2050 668 2086 l.
685 2063 700 2089 c,
732 2048 785 2096 Quid
800 2050 817 2088 si

129 2122 225 2172 respiciat
239 2122 332 2160 solennes
347 2135 430 2171 precum
445 2122 556 2170 formulaS,
573 2136 622 2173 quae
638 2125 662 2162 ab
679 2124 717 2161 hoc
728 2136 771 2161 voc.
788 2124 825 2178 111-4

131 2196 244 2246 cipiebant?
274 2195 345 2247 Neque
361 2196 474 2235 enimcum
491 2197 646 2247 Augustino,
662 2211 721 2248 quem
737 2196 817 2236 Calvi-

130 2284 175 2309 nus
194 2272 292 2322 sequitur,
312 2276 397 2318 statuas,
416 2275 549 2325 astrorumque
569 2277 589 2309 81
606 2252 703 2310 Judaeo'r.
719 2272 817 2324 8113111-

125 2357 203 2384 norum
220 2345 328 2389 υἱοῖῖεσίαν
339 2346 357 2384 11,
369 2359 386 2384 v.
398 2346 511 2397 significari.
532 2341 603 2388 ὃπατ.
619 2347 728 2395 adiectum,
744 2353 766 2385 ut
780 2347 817 2384 Mr.

130 2426 148 2456 et
158 2418 218 2458 Rom.
229 2420 242 2457 l.
254 2433 280 2468 c.,
297 2433 366 2458 eornm
377 2433 458 2468 caussa,
475 2420 508 2471 qui
523 2421 616 2460 hebraice
631 2422 736 2459 nescirent.
752 2419 818 2459 Sens.:
841 2472 847 2475 ,.

131 2493 200 2540 nobis,
217 2495 250 2545 qui
265 2495 347 2546 gratiam
364 2495 403 2533 div.
419 2493 495 2533 Christi
510 2495 607 2533 beneficio
624 2494 726 2533 consecuti
742 2508 817 2543 sumus,

130 2567 178 2605 licet
192 2569 258 2606 animo
269 2570 343 2607 fidncia
353 2569 413 2620 pleno
425 2570 450 2607 ad
462 2568 538 2618 Deum,
555 2576 650 2619 tanquam
666 2574 743 2619 patrem
758 2570 818 2609 nobis

130 2642 250 2693 propitium,
267 2645 353 2692 precari3
368 2644 493 2682 Judaeorum
504 2653 544 2692 est,
561 2643 626 2682 Deum
636 2643 705 2682 timere
721 2649 816 2695 tanquam

130 2728 221 2755 severum
237 2717 287 2768 legis
303 2720 404 2756 custodem
420 2723 479 2769 atque
498 2719 596 2757 vindicem
614 2718 654 2770 (et,
670 2719 687 2757 si
702 2724 816 2770 precantur,
