1723 3054
73 246 113 289 142
328 246 472 287 EXCURSUS
488 250 503 287 l.

72 364 109 389 sna
124 356 206 402 sponte,
222 357 294 402 suopte
308 352 401 403 ingenio,
417 365 486 390 amora
502 352 540 390 Dei
557 352 682 404 aliorumque
696 355 761 393 borni¹

72 439 120 464 num
136 426 190 464 ducti
207 425 239 474 (cf.
254 426 306 476 inpr.
323 425 381 465 Rom.
394 430 414 474 7,
432 426 467 478 b,);
484 423 593 483 ἐλεύῖιεροι
607 429 668 480 igitur
682 435 702 467 et
716 435 762 467 aunt

72 507 91 539 et
106 507 158 538 recte
175 508 278 538 vocantur.
308 502 374 552 Atque
393 502 442 539 haec
462 515 530 540 eorum
547 503 636 541 conditio
652 503 762 554 olobectug

73 576 171 615 vocabulo
183 575 305 626 significatur
318 574 377 613 Rom.
391 580 410 623 8,
424 579 455 614 15.
472 574 518 615 Gal.
530 580 550 624 4,
560 580 578 616 5.
589 601 615 606 —
634 578 655 629 2)
671 574 762 634 γράμμα

72 656 137 689 autem
157 656 216 688 vocat
235 663 276 688 rem
296 651 405 698 iudaicam,
426 652 481 702 quod
499 651 544 703 lego
562 652 625 690 literis
645 654 762 703 consignata

72 726 220 772 continebatur,
242 725 269 763 ita
287 731 309 762 ut
326 716 451 764 aulaeorum
471 727 530 764 animi
550 727 575 764 ad
595 711 705 766 honestatis
720 733 761 765 stu-

72 803 125 839 dium
147 802 273 841 extrinsecas
291 800 452 850 impellerentur:
474 807 545 839 contra
564 802 683 840 christianae
702 802 761 841 disci·

71 877 138 927 plinae
152 876 256 926 proprium
273 881 311 923 est,
327 876 406 913 interna
422 877 506 926 quadam
521 877 540 913 h.
557 891 573 914 e.
590 877 610 914 in
625 878 696 915 animis
711 877 761 928 ipsis

72 953 160 990 excitata
182 951 201 988 vi
224 951 248 988 ad
272 950 364 988 virtutem
383 951 457 1002 fingere
496 952 562 1002 Atque
581 952 627 989 hinc
646 958 676 990 est
694 952 760 1000 etiam,

72 1027 126 1079 quod
142 1026 216 1076 passim
232 1038 275 1062 voc.
292 1020 415 1081 capudg'ad
434 1039 478 1063 rem
496 1026 536 1063 iud.
557 1026 707 1077 significandam
727 1027 761 1064 ar]-

71 1102 126 1140 hibet
142 1098 198 1147 (Gal,
216 1101 235 1147 3,
252 1103 270 1137 3.
287 1100 310 1138 cf.
328 1103 346 1147 6,
365 1103 388 1137 12
412 1099 462 1137 Phil.
475 1102 494 1148 3,
506 1101 541 1149 3.).
574 1098 619 1138 Scit.
635 1100 760 1139 Judaeornm

71 1177 114 1215 fere
131 1175 199 1214 omnia
214 1174 279 1213 studia
293 1180 312 1212 et
323 1180 440 1219 ornamenta
451 1175 582 1213 cernebantur
592 1174 693 1231 in‘rebus,
710 1187 760 1225 qnae

70 1252 103 1291 vel
119 1251 201 1301 corpori
219 1250 297 1288 inerant
316 1250 350 1300 (nt
368 1249 507 1297 circumcisio,
527 1254 549 1288 ut
568 1232 631 1301 genus
651 1250 712 1300 Aer.)
729 1250 760 1288 vel

74 1339 160 1377 corpore
176 1326 323 1376 peragebantur
339 1324 370 1374 (ut
384 1324 492 1372 sacrificia,
508 1330 529 1362 ut
539 1325 659 1363 abstinentia
669 1324 760 1363 ciborum

72 1401 216 1453 quorundam);
240 1397 334 1438 Christus
346 1405 410 1437 antem
426 1399 490 1446 venit,
510 1404 531 1436 ut
545 1399 638 1438 homines
653 1399 678 1437 ad
694 1398 759 1437 Deum

73 1477 94 1520 ἐν
109 1471 215 1529 πνεύματι
230 1472 268 1516 καὶ
284 1470 378 1532 ἇληῖἳοίᾳ
393 1473 499 1512 colendum
514 1473 631 1512 institueret.

131 1552 148 1587 3.
179 1549 253 1600 Legem
269 1562 311 1586 non
326 1549 412 1599 amplius
427 1540 501 1586 habere
521 1548 560 1586 vim
580 1553 599 1586 et
617 1548 760 1605 anctoritatem,

71 1626 132 1664 variis
155 1624 219 1662 modis
243 1616 365 1661 demonstrat
383 1623 500 1674 Apostolus.
533 1622 623 1663 Primam
642 1636 665 1661 ac
683 1622 760 1673 simpli-

72 1702 121 1739 citer
141 1714 151 1738 e
170 1699 232 1737 literis
250 1699 313 1737 sacris
332 1699 401 1746 dccet,
420 1699 522 1737 neminem
538 1698 651 1736 mortalium
668 1697 688 1739 ἐν
703 1693 760 1756 νόμῳ

72 1774 209 1830 ὃιναιοῧοὶἴαι
224 1770 283 1828 παρὰ
299 1773 328 1831 τῷ
343 1773 400 1830 bap,
414 1778 438 1824 ,ut
453 1771 499 1824 Gal.
512 1773 531 1820 3,
550 1775 579 1810 tl.
596 1772 620 1811 cf.
636 1771 687 1811 Hab.
700 1774 719 1820 2,
731 1775 759 1820 4.;

72 1850 144 1892 aloitide
163 1849 298 1887 Abrahamum
318 1848 383 1898 ipsum
405 1853 488 1898 propter
510 1848 589 1899 πίστιν,
612 1860 654 1886 non
676 1852 760 1897 propter

73 1926 135 1981 ἔργα,
151 1923 195 1961 Deo
211 1925 317 1973 probatum
330 1921 395 1972 (Rom.
408 1925 428 1971 4,
442 1927 447 1959 l
463 1935 506 1973 sqq.
522 1920 568 1960 Gal.
581 1925 600 1970 3,
614 1925 623 1960 6
636 1922 687 1972 sqq.)
704 1922 761 1972 eique

73 1999 200 2054 ἐπαγγελίαν
225 1998 257 2036 diu
280 2004 325 2035 ante
347 1997 398 2048 legis
421 1997 603 2048 promulgationem
626 1996 692 2034 datam
717 2006 782 2034 esse*

72 2075 138 2127 (Rom.
155 2078 178 2121 4,
198 2076 220 2110 10
232 2086 275 2124 sqq.
295 2071 339 2111 Gal.
357 2075 379 2119 3,
398 2075 421 2110 16
433 2073 485 2123 sqq}
502 2071 597 2119 ostendit3
613 2076 654 2112 turn
669 2072 709 2109 hoc
726 2070 761 2108 uti-

72 2157 104 2189 tur
127 2154 253 2201 argumento:
278 2147 295 2190 ei
318 2143 353 2190 bul.
375 2144 439 2202 νόμον
459 2142 588 2203 δικαιοσύνη,
609 2141 651 2200 ἄρα
672 2140 763 2202 Χριστὸς

72 2221 152 2281 δωρεὰν
164 2221 262 2266 &nabata
276 2221 330 2273 (Gal.
344 2224 362 2270 2,
375 2223 427 2274 ⁴41.);
443 2222 528 2277 (lectique
538 2222 563 2259 ad
580 2221 687 2272 allegorias
703 2221 761 2258 etiam

72 2301 170 2339 delebitur
186 2297 231 2336 Gal.
248 2302 268 2345 4,
285 2300 309 2335 21
328 2310 370 2348 sqq.
387 2310 404 2335 v.
420 2310 509 2348 suprap
535 2297 572 2334 108
590 2308 632 2347 sqq.
661 2295 761 2336 Postremo

72 2376 126 2413 addit
143 2375 192 2412 hoc:
215 2375 269 2412 dona
291 2368 427 2427 πνευματικά
448 2384 489 2409 non
511 2384 548 2421 per
571 2367 643 2425 νόμον,
667 2371 702 2408 sed
725 2382 762 2420 per

72 2586 200 2633 ποδηγῆσαι
215 2580 266 2625 τοὺς
282 2579 447 2629 ὑποκειμένους
463 2576 574 2627 βουλόμενοςΔ
599 2582 626 2615 (tf.
638 2582 691 2624 Diog.
703 2581 762 2614 Laert,

73 2648 92 2690 5,
106 2648 133 2679 20.
159 2644 254 2690 ἐρωτηὲνέις
271 2643 381 2684 (Aristotel)
397 2641 415 2675 τί·
428 2635 468 2675 ποτ’
483 2635 533 2688 αὐτῷ
550 2640 661 2685 περιγέγονεν
679 2638 699 2674 ἐκ
713 2641 762 2683 φιλο·
797 2684 802 2696 ’

73 2705 147 2749 σοφίας
161 2703 197 2747 ἔφη
209 2700 229 2738 τὲ
242 2695 364 2740 ἀνεπιτάκτως
375 2703 430 2735 ποιεῖν
446 2693 457 2733 ii
468 2710 512 2738 τινις
526 2693 556 2733 διὰ
568 2693 597 2732 τὸν
611 2692 646 2732 ἀπὸ
658 2694 694 2732 ror
703 2693 762 2741 νόμων

60 2757 128 2809 ’φόβον
141 2758 218 2796 ποιοῦσι.
561 2758 562 2761 ’
