1723 3054
282 189 502 262 ructuantium.
518 222 535 274 §—
547 225 565 261 4.
740 221 767 274 21

76 345 197 401 permansit
212 350 245 400 et³
261 360 388 402 quanquam
402 345 497 402 plurima
512 361 524 387 e
539 345 699 403 Chrysostomo
715 346 769 387 hau-

78 425 117 481 sit,
137 425 249 470 ‘brevitate
271 431 345 470 tamen
368 441 418 469 eum
441 431 463 469 et
485 424 581 482 quodam
600 426 663 483 quasi
682 425 770 480 delectu
849 488 854 490 V

76 506 141 562 uicit⁷
167 507 274 550 nonnulla
297 508 372 563 etiam,
399 522 456 563 quae
478 512 530 549 simt
544 506 616 549 bonae
633 507 715 565 frugis,
741 507 769 550 de

77 601 117 629 suo
137 587 233 640 addidit3
259 604 325 644 quare
344 588 487 631 Ernestius
506 587 533 630 ab
554 588 600 630 eius
615 587 709 630 lectione
727 588 769 630 ini-

47 694 49 697 ·
76 666 199 724 tiumfieri
218 668 298 712 debere
314 668 402 726 egregie
417 650 571 723 iudicavit45).
595 665 685 723 Reliqui
701 667 770 710 eoele-

57 775 60 777 ‡
77 748 123 791 siae
138 764 230 806 graecae
245 755 329 807 patres,
345 749 384 807 qui
400 748 504 807 epistolas
514 748 618 791 Paulines
635 753 769 803 enarrarunt,

77 834 102 871 ut
132 827 311 874 Oecumenius
342 832 396 887 (sec.
421 831 464 886 10.)
495 835 517 873 et
549 829 769 887 Theophylactus

79 909 133 971 (sec.
150 910 206 966 ll),
223 908 378 967 Chrysostomi
391 911 486 967 vestigia
500 916 639 966 presserunt,
659 919 681 952 et
697 908 769 966 σειρὰς

78 988 196 1046 compilare
225 1005 290 1047 quam
316 1005 356 1034 suo
380 989 463 1033 iudicio
487 990 520 1032 uti
544 989 717 1046 maneronta).
742 1016 770 1021 —

77 1068 159 1126 Latina
174 1072 268 1116 ecclesia
282 1087 328 1114 non
337 1071 414 1135 halpet,
430 1072 469 1128 qui
479 1069 639 1129 Chrysostomo
650 1076 688 1113 aut
697 1071 770 1114 Theo-

77 1150 154 1194 doreto
183 1153 320 1209 aequiparari
348 1153 441 1210 possint.
493 1151 677 1208 Hieronymus
703 1151 769 1207 enim,

77 1231 116 1286 qui
140 1232 214 1289 aliqua
237 1232 281 1275 hoc
306 1233 329 1275 in
354 1247 434 1289 genere
460 1231 526 1275 laude
552 1231 626 1286 floret,
652 1237 674 1275 et
697 1246 770 1289 pauca

120 1444 156 1493 45)
178 1443 228 1482 Eius
250 1449 377 1482 commentar.
400 1442 420 1481 in
443 1443 500 1493 epist.
522 1443 548 1480 ad
570 1442 616 1482 Gal.
632 1456 650 1481 v.
667 1440 720 1493 Opp.
737 1443 768 1480 ed.

79 1516 143 1554 Lutet.
158 1516 222 1563 Paris.
238 1517 297 1558 Tom¹
312 1517 350 1555 ΠΙ.
365 1530 384 1567 p.
401 1519 478 1555 262-
490 1519 537 1555 282.
553 1518 584 1555 ed.
600 1514 689 1555 Simcnd.
704 1516 743 1554 III.
753 1516 769 1554 I.

77 1604 122 1643 pag.
141 1594 150 1628 1
167 1604 210 1643 sqq.
230 1592 260 1630 ed.
280 1590 389 1631 Schulze
409 1591 466 1632 Tom.
482 1591 507 1630 V.
522 1605 542 1642 p.
559 1592 599 1630 353
612 1614 639 1619 —
652 1593 699 1630 397.
736 1589 769 1629 De

78 1666 124 1718 ipso
148 1666 278 1706 Theodoreto
301 1669 327 1708 cf.
350 1667 433 1706 Morus
452 1667 466 1707 l.
482 1679 499 1705 o.
520 1680 540 1718 p.
557 1669 598 1705 244
614 1679 643 1717 sq.
674 1665 769 1705 Roseu-

79 1739 168 1780 mtller
186 1743 200 1782 l.
217 1756 234 1783 c.
256 1742 291 1782 IV.
309 1756 329 1793 p.
349 1745 374 1780 35
394 1755 437 1793 sqq.
476 1740 607 1780 Schrfickh
625 1725 672 1781 KG.
691 1740 769 1780 XVIH.

78 1830 97 1866 p.
115 1818 154 1854 398
171 1829 214 1868 sqq.
254 1814 337 1855 Simon
356 1817 401 1855 hist.
417 1817 452 1856 des
471 1816 556 1867 princip.
574 1821 680 1855 comment.
695 1829 716 1866 p.
728 1818 768 1853 314

79 1904 109 1941 sq.
138 1890 158 1930 J.
173 1890 196 1929 F.
213 1889 248 1929 Ch.
268 1890 371 1930 Richter
394 1892 418 1929 de
441 1891 545 1930 Theodor.
568 1891 670 1941 epistolar.
693 1890 769 1942 paulin.

78 1966 192 2017 interprete.
222 1965 278 2016 Lips,
297 1962 356 2004 1622.
377 1966 395 2003 6.

122 2088 158 2138 46)
174 2069 293 2127 Oecumenii
319 2088 353 2138 (de
368 2100 408 2139 qno
424 2102 442 2126 v.
458 2087 543 2127 Morus
556 2101 577 2139 p.
595 2090 643 2128 247.
670 2086 769 2127 Roseu-

78 2158 169 2200 miiller
184 2162 219 2202 IV.
238 2175 258 2213 p.
275 2164 315 2200 263
331 2175 374 2215 sqq.
411 2160 494 2201 Simon
508 2162 554 2216 Le.
573 2176 593 2213 p.
609 2164 649 2200 457
666 2174 695 2213 sq,
725 2160 770 2199 Fa·

77 2236 176 2276 bricius
194 2237 247 2277 Bibl.
267 2251 333 2289 graec.
350 2237 406 2296 VIII.
424 2241 465 2276 694
480 2239 533 2290 sqq.)
553 2233 664 2294 ἐξηγήσεις
678 2235 770 2280 παλαιαὶ

78 2311 132 2363 typis
154 2313 266 2362 exscriptae
289 2319 335 2350 sunt
356 2324 368 2348 a
383 2313 502 2350 Morellic
518 2312 563 2349 Par.
583 2313 642 2350 1630.
659 2315 670 2349 2
686 2312 740 2351 Voll.
756 2312 770 2350 f,

79 2386 126 2425 Huc
141 2391 218 2437 spectat
233 2386 279 2425 Vol.
298 2390 314 2424 l.
330 2400 348 2437 p,
367 2388 501 2425 tta-aaa.
525 2384 565 2435 -j
583 2386 770 2438 Theophylacti

79 2457 180 2518 ἑρμήνεια
194 2461 267 2514 legitur
282 2462 303 2500 in
319 2462 343 2500 ei.
360 2459 413 2512 Opp.
429 2462 459 2500 ed.
482 2461 502 2499 J.
518 2460 540 2500 F.
556 2461 580 2501 B.
596 2462 622 2500 M.
639 2462 663 2500 de
678 2457 783 2502 aulaeis*

78 2538 137 2576 Toni.
152 2537 179 2576 H.
202 2537 254 2577 Vide
269 2537 294 2576 de
309 2538 348 2576 hoe
363 2537 471 2588 interprete
486 2543 533 2588 post
547 2534 688 2577 Fabricium
702 2537 769 2589 (Tam.

39 2615 45 2622 ”
77 2611 123 2650 VH.
139 2625 158 2662 p.
175 2615 215 2651 582
232 2614 284 2663 sqq.)
300 2613 352 2663 inpr.
368 2611 461 2652 Morum
476 2612 489 2652 l.
505 2625 522 2651 c.
538 2626 559 2664 p.
576 2615 616 2651 245
629 2625 658 2664 sq.
674 2612 769 2653 Roseu-

77 2682 165 2726 miiller
180 2687 215 2726 IV.
231 2701 251 2738 p.
270 2689 310 2726 266
326 2700 369 2739 sqq.
439 2738 443 2742 .
