1723 3054
84 236 113 279 48
261 232 426 274 ANNOTATIO
442 233 595 273 PERPETUA.

82 341 124 391 pol.
142 338 193 391 75.);
216 339 250 377 sed
274 351 313 390 qno
332 338 385 378 istud
405 338 465 377 modo
485 325 532 375 ferni
547 339 612 388 possit
626 350 644 376 v.
662 335 772 376 Grammat.

83 428 103 465 p,
115 416 162 451 436.
178 435 203 441 -·
222 408 244 454 di
259 408 354 456 daton-’L
367 414 432 468 Xpsh.
445 426 461 450 e.
477 412 573 463 singulari
588 413 649 450 modo
666 425 677 450 a
693 410 771 450 Christo

40 513 42 515 -
83 488 129 539 ipso
145 487 248 525 institutus
264 499 309 525 snm
324 488 349 525 ad
365 486 475 524 doctrinam
486 486 583 534 divinam3
599 483 722 543 000οἸηοοὖ
733 487 771 540 Χρ.

85 574 129 600 esse
145 561 254 613 genitivum
270 561 364 608 subiecti,
379 573 476 611 apparere
486 561 565 598 videtur
576 573 602 599 ex
614 564 624 598 2
638 559 685 599 Oor.
700 563 732 608 12,
745 563 773 607 7.,

84 636 120 675 sed
135 636 191 684 vide,
215 649 265 686 qnae
281 635 394 673 monuimus
409 636 430 673 in
445 635 507 672 libro:
526 634 573 673 bibl.
589 634 736 690 Realwdrterb
745 634 771 671 II.

84 724 103 760 p.
120 712 167 749 215.
184 710 223 747 add
245 708 270 747 G.
286 707 413 747 Schubert
429 710 453 747 de
468 709 540 757 variis,
563 710 615 747 unde
631 708 652 746 P.
669 709 773 746 doctrinae

85 784 151 822 christ.
183 783 317 834 cognitionem
347 783 428 822 haurire
453 783 550 833 potnerit,
575 783 678 830 fontibus,
704 796 721 821 c.
746 781 772 821 D.

84 856 193 898 Schnlzii
209 849 269 907 epist.¹
281 857 362 896 Viatisl.
382 860 449 895 1817:
458 860 475 895 4.

141 932 166 971 V.
180 934 210 970 13,
232 927 365 988 ἀναστροφήν
382 947 433 974 ποτε
448 932 476 969 ita
490 932 577 970 fortasse
592 932 720 971 scribendum
735 944 773 981 pro

85 1019 120 1055 eo,
136 1007 191 1057 qnod
206 1006 252 1044 libri
268 1006 314 1044 editi
330 1006 414 1054 habent,
431 1002 566 1062 ἀναστροφὴν
582 1004 632 1049 ποτὲ
648 1006 675 1056 [v.
686 1005 773 1045 Buttm.

84 1078 182 1120 aussiihrl.
194 1078 229 1118 Gr.
240 1080 256 1119 I.
270 1094 290 1130 p,
303 1081 344 1131 61]
359 1080 371 1117 i.
388 1093 405 1130 q.
421 1079 435 1136 ἡ
449 1076 542 1136 πρότερα
555 1077 682 1137 ἀναστροφή
697 1081 773 1131 Ephes.

85 1158 104 1202 4,
122 1157 154 1192 22.
170 1154 202 1192 vel
217 1153 231 1209 ἡ
245 1152 297 1196 ποτὲ
313 1150 399 1209 ἀναστρ.
416 1154 441 1192 cf.
457 1154 578 1203 Jo.9,13„
595 1168 707 1206 quanquam
722 1156 775 1197 ποτέ

85 1229 144 1267 etiam
159 1229 185 1266 ad
199 1224 273 1283 ἠκούσ,
289 1228 359 1266 referri
372 1224 540 1284 potestatemve.
558 1229 688 1280 (1010100001)
702 1231 775 1284 cycladi.

85 1304 165 1343 ratione
188 1302 300 1341 sexcenties
323 1302 360 1341 dic.
382 1303 422 1341 hoc
440 1316 459 1341 v.
482 1316 514 1353 ap.
533 1308 614 1342 nostros
634 1303 685 1353 Eph.
702 1307 724 1351 4,
741 1306 773 1342 22.

85 1377 128 1415 dac.
147 1379 165 1424 3,
184 1378 220 1415 13.“
241 1375 315 1414 1Petr.
333 1379 350 1424 1,
369 1379 400 1414 15.
425 1376 500 1416 2Petr.
519 1380 538 1426 2,
554 1380 573 1416 7.
589 1377 615 1415 al.
633 1377 707 1428 (LXX.
723 1375 774 1420 ἀνα-

85 1451 218 1506 στρέφεσῖἳαι
232 1455 311 1499 ponunt
325 1463 364 1500 pro
387 1434 487 1513 &Ibi-mn
508 1450 570 1490 Prov.
586 1454 619 1499 20,
637 1451 669 1503 8.).
700 1451 775 1491 Graeci

84 1538 149 1577 nsque
168 1526 193 1563 ad
213 1524 283 1576 Polyb.
302 1526 395 1576 ignorant
414 1527 456 1564 fere
476 1527 529 1563 bunc
548 1540 592 1564 voc.
612 1538 679 1574 usnm3
702 1527 737 1564 sed
757 1541 774 1565 v.

86 1600 159 1651 Polyb.
176 1603 195 1647 4,
212 1602 244 1637 82.
263 1602 280 1638 1.
301 1600 345 1637 add.
362 1600 500 1650 Wesseling
515 1601 540 1639 de
555 1599 652 1639 dudaeor.
669 1601 774 1641 Archontt.

85 1689 104 1725 p,
118 1678 149 1712 14.
161 1697 187 1702 —
204 1669 255 1717 aab*
274 1672 344 1729 ὑπερβῤ
361 1674 448 1713 solennis
464 1673 522 1712 Pauli
537 1674 624 1713 formula
638 1688 676 1726 pro
693 1671 775 1731 σφόδρα

88 1753 97 1787 1
115 1746 163 1788 (tor.
182 1750 215 1797 12,
232 1748 264 1785 31.
289 1746 361 1788 acor.
377 1751 397 1796 4,
416 1751 446 1789 17.
469 1748 559 1796 Romi,
578 1751 607 1789 13,
624 1749 648 1788 ci.
664 1747 739 1790 Athen,
756 1751 775 1798 3,

87 1836 103 1861 c.
122 1825 152 1864 16.
175 1822 238 1860 Diod.
254 1820 292 1860 Sic.
311 1826 329 1870 1,
346 1824 378 1863 33,
395 1824 427 1863 43,
449 1822 521 1873 Polyb.
534 1826 553 1872 3,
571 1826 603 1862 92.
622 1827 652 1864 10,
675 1823 776 1864 Plutarch.

85 1899 151 1935 Amat.
167 1910 220 1934 narr.
235 1910 254 1947 p.
273 1899 319 1935 773.
335 1897 360 1935 al.
383 1897 415 1936 De
429 1910 452 1936 re
467 1898 512 1947 ipsa
527 1911 544 1938 v.
560 1899 605 1936 Act.
617 1885 639 1936 ’8.
657 1901 674 1937 9.
701 1902 709 1935 1
727 1897 773 1936 Cor.

88 1974 120 2020 15,
137 1974 155 2009 9.
173 1994 195 1998 -
212 1971 279 2013 ’ἐκκλ
295 1971 332 2012 τοῦ
347 1971 399 2015 boob
414 1971 549 2022 appellatione
563 1972 690 2022 potissimum
705 1974 774 2021 utitur,

86 2051 108 2084 nt
123 2058 219 2084 summam
238 2044 326 2083 criminis
345 2058 357 2082 a
375 2058 396 2084 se
416 2046 518 2085 commissi
536 2046 660 2085 atrocitatem
680 2046 775 2086 declaret.

86 2119 176 2157 Eandem
196 2115 272 2175 φράσω
291 2132 309 2159 v.
332 2121 341 2157 1
359 2116 460 2163 00015,
477 2123 494 2157 9.
511 2120 550 2158 add
572 2121 614 2158 Act.
632 2123 668 2168 22,
687 2123 717 2161 19.
742 2124 776 2169 29,

89 2197 113 2232 10
130 2207 159 2245 sq.
175 2193 289 2244 Theophyl.
308 2189 349 2248 ‘doe
367 2193 413 2243 πῶς
431 2192 520 2236 ἕκαστον
541 2190 596 2249 μετὰ
613 2190 776 2255 deiecissem·

86 2269 154 2324 3000.
167 2265 190 2310 οὐ
201 2264 242 2323 γὰρ
254 2262 317 2320 εἶπεν,
330 2267 445 2320 ἐδίωκον,
457 2264 513 2311 ἀλλὰ
525 2265 579 2324 ,aab
593 2268 675 2325 ὑπερβ.
687 2265 776 2326 πάσης,

87 2340 125 2385 καὶ
144 2338 166 2384 οὐ
187 2338 247 2395 μόνον
265 2342 328 2385 τοῦτο
348 2339 403 2386 ἀλλὰ
418 2340 458 2385 καὶ
473 2339 608 2398 catenosi
623 2344 722 2385 τουτέστι
737 2359 776 2385 κα-

87 2412 204 2470 τασκάψαι
225 2416 343 2471 ἐπεχείρουν
363 2415 401 2459 καὶ
421 2413 529 2473 ἀφανίσαι.
547 2441 572 2446 -
589 2418 675 2472 eseban
691 2430 733 2455 non
749 2424 778 2457 est

87 2492 100 2528 h
122 2491 135 2528 l.
152 2495 250 2542 evertere,
271 2503 317 2538 nec,
337 2492 390 2542 quod
405 2490 472 2530 multis
487 2492 572 2541 placuit,
592 2496 680 2532 evertere
696 2493 778 2533 studere

89 2565 126 2617 (sic
135 2565 250 2614 'inperfect
267 2566 291 2604 de
307 2569 381 2606 000010
396 2566 472 2605 dictum
488 2573 540 2605 esset
550 2579 567 2604 v.
580 2563 668 2604 Gramm.
681 2579 700 2617 p.
713 2568 777 2617 241),

87 2640 122 2677 sed
142 2639 209 2689 potius
228 2644 311 2681 castore
331 2641 393 2691 (quae
412 2647 441 2679 est
462 2640 552 2679 solennis
573 2653 616 2679 voc.
631 2641 732 2692 potestas)
750 2653 777 2679 sc.

92 2713 158 2752 multis
174 2712 292 2751 Christianis
308 2714 333 2751 ad
349 2714 448 2765 supplicia
469 2715 592 2753 adducendis
608 2715 631 2754 cf,
649 2716 692 2754 Act.
710 2719 729 2762 9,
745 2717 777 2751 21.
