1723 3054
288 220 291 233 ”
324 245 469 286 succesus
485 246 521 284 m.
727 242 765 286 ine

79 348 139 396 citur,
158 349 223 401 legem
239 350 278 388 iud.
295 351 369 402 quippe
389 363 429 389 non
448 363 484 400 per
504 350 568 389 Deum
587 350 657 400 ipsum*
672 355 706 387 aut
724 348 766 386 eins

80 422 150 471 filium,
175 425 210 463 sed
232 438 268 475 per
292 425 375 478 angelos
399 425 556 476 promulgatam,
581 419 697 463 inferiorem
723 435 766 461 esse

16 524 22 531 s
80 498 183 549 evangelio
200 500 230 549 [p.
248 499 302 550 35‚],
321 505 381 550 atque
398 499 420 537 in
439 500 470 538 his
490 500 555 538 verbis
571 499 648 537 tertium
665 498 766 550 quoddam

80 578 228 624 argumentum,
249 577 288 625 quo
311 575 333 612 P.
354 574 406 625 legis
429 587 479 613 mos.
503 563 640 613 auctoritatem
663 574 766 624 infringat,

80 647 166 696 positum
182 661 226 688 esse
241 650 347 688 arbitratur
363 647 545 706 Schmiederns.
576 649 686 700 Ingeniose
699 647 766 686 omnia

64 723 105 762 aab
121 736 145 760 eo
161 724 263 774 disputata
278 737 333 772 esse,
349 724 407 762 docte
423 736 471 762 vero
487 723 532 770 illa,
549 736 600 775 quae
615 724 640 761 de
655 723 766 761 Metatrone

80 796 165 844 addidit,
179 798 273 836 lubenter
288 798 388 846 concedo,
407 805 453 837 sunt
467 804 543 846 tamen,
564 811 625 849 quae,
645 810 684 848 quo
700 796 766 835 minus

47 921 50 924 Δ
80 870 99 908 in
116 871 153 909 viri
169 872 267 922 praeclari
282 873 399 912 sententiam
414 878 524 920 transeam,
543 874 670 911 vehementer
684 881 716 909 me
731 871 767 908 irn-

79 946 165 995 pediant.
198 946 288 987 Primum
305 960 348 986 non
366 947 466 999 intelligo,
487 960 522 985 cur
542 948 627 1003 μεσίτου
646 944 766 984 vocabulum

80 1019 104 1057 de
120 1033 143 1057 eo
164 1020 261 1059 duntaxat
280 1022 353 1060 dictum
372 1022 481 1069 existimet,
503 1022 537 1072 qni
556 1021 687 1074 complurima
707 1018 768 1071 (rnul-

79 1097 154 1143 torum]
182 1097 263 1134 nomine
289 1096 375 1147 aliquam
401 1110 442 1134 rem
468 1102 533 1147 gerat3
560 1096 647 1152 μεσίτης
669 1093 767 1150 significat

80 1168 208 1219 interpretem
224 1171 313 1220 quemvis
329 1171 378 1209 duas
393 1171 444 1209 inter
460 1178 525 1221 partes
540 1156 708 1216 intercedentem,
724 1168 766 1206 sire

80 1242 117 1280 hae
133 1244 257 1294 singulorum
273 1245 315 1283 sive
329 1245 417 1296 plurium
433 1251 467 1283 aut
486 1246 593 1284 multorum
612 1232 661 1291 sint;
680 1257 706 1281 ex
726 1255 765 1280 nuo

79 1321 145 1355 autem
164 1318 210 1356 loco
232 1321 241 1355 1
258 1317 310 1357 Sam.
329 1322 365 1377 lt,
381 1323 399 1357 4.
416 1322 460 1368 23„
479 1320 514 1358 ubi
532 1318 649 1366 Goliathns,
670 1316 765 1369 singulari

80 1392 188 1431 certamine
209 1393 281 1445 integri
302 1394 373 1445 populi
396 1408 485 1434 caussam
508 1408 581 1446 agens,
605 1391 689 1439 ΠἾΞΞΠ
711 1392 765 1437 ἶΰιμ

79 1473 171 1515 vocatur,
187 1479 228 1505 non
244 1468 332 1518 sequitur
349 1468 388 1507 ullo
404 1471 477 1517 modo,
492 1483 530 1519 pro
546 1483 584 1510 nsit
600 1469 693 1522 loqttcntb'
704 1466 765 1505 Hebr.

80 1541 166 1597 μεσίτην
182 1554 258 1591 semper
276 1555 320 1581 esse
335 1543 407 1581 debere
422 1544 509 1594 plurium
525 1545 627 1583 hominnm
643 1548 678 1580 ant
692 1541 765 1592 integri

79 1621 157 1664 coetus,
180 1629 217 1654 nec
238 1617 259 1654 id
281 1603 302 1655 iu
325 1618 379 1656 duali
400 1619 476 1680 nim,
496 1623 549 1658 inest
559 1620 599 1670 ⁹³),
619 1618 674 1665 imo,
695 1617 765 1654 eodem

78 1692 121 1730 iure
139 1693 187 1731 inde
205 1692 290 1741 efficias,
308 1672 439 1736 mediatorem
453 1693 552 1733 Hebraeis
568 1706 609 1731 non
625 1692 664 1731 dici
679 1692 717 1730 nisi
729 1690 767 1746 ,qni

76 1778 147 1819 pttptzo
165 1781 211 1820 rem
227 1767 306 1806 dirimat
323 1768 374 1806 alius
393 1769 479 1806 nomine.
510 1767 591 1806 Jam‘si
609 1768 660 1804 baec
680 1764 766 1820 μεσίτου
783 1790 785 1792 »

79 1840 197 1891 significatio
212 1842 304 1891 precario
321 1843 414 1890 sumitur,
431 1843 496 1881 omnis
511 1843 553 1881 fere
565 1841 642 1881 Sohm.
658 1839 773 1890 disputatio.

22 1924 24 1926 ’
79 1915 172 1953 concidit.
203 1916 278 1957 Deinde
296 1917 351 1967 quod
368 1923 433 1967 putat,
452 1930 489 1955 sna
508 1920 584 1955 tantum
603 1914 767 1966 interpretatione

79 1989 166 2028 admissa
185 1989 208 2031 ἐν
227 1989 295 2045 χειρί
314 1991 400 2045 μεσίτου
423 2000 476 2031 reete
499 1992 582 2040 habere,
605 1995 694 2030 nostram
717 2001 766 2026 vero

79 2063 235 2114 explicationem
252 2065 282 2115 εἰς
297 2071 357 2121 χεῖρα
375 2067 489 2117 postulare,
507 2068 527 2105 id
547 2072 585 2114 esi,
604 2066 684 2117 siquid
700 2064 766 2111 video,

78 2139 175 2190 argutari3
191 2139 263 2178 etenim
279 2137 304 2185 ’Β
325 2141 371 2184 ἾἪ
393 2154 433 2179 non
452 2135 606 2193 signifieat'nisi
624 2155 661 2195 per
680 2140 766 2194 eliquetur
796 2189 798 2191 ‚

78 2219 97 2256 h.
115 2232 132 2256 e.
150 2219 269 2270 irrinisterm,
293 2204 470 2274 ορονοὀίίοοιίοε,Ι
494 2236 576 2273 operam
598 2235 646 2260 vero
669 2219 768 2271 praestitit

78 2293 156 2341 Moses,
180 2301 273 2344 tanquam
292 2296 438 2344 internuncius,
462 2303 481 2334 et
501 2298 587 2349 angelis,
611 2298 644 2348 qui
663 2295 768 2333 tradebant

77 2367 152 2418 legem,
168 2374 187 2406 et
202 2367 307 2427 Israelitis,
323 2370 357 2421 qui
372 2371 501 2421 accipiebant.
525 2368 686 2415 breviarentur
701 2365 767 2408 antem
805 2377 810 2380 ’·

78 2443 96 2480 b.
112 2442 124 2481 l.
141 2443 213 2482 dicitur
227 2442 262 2481 lex
279 2450 298 2491 [a
312 2444 365 2496 Deo)
380 2459 418 2500 per
434 2447 523 2500 stipatos,
539 2461 579 2486 non
597 2448 622 2489 ub
638 2446 726 2499 angelis,
742 2451 768 2496 et>

125 2684 154 2726 95)
168 2684 225 2718 Semel
238 2686 256 2718 in
267 2685 319 2719 LXX
332 2686 410 2719 versione
422 2687 486 2731 legitur
499 2690 570 2733 μεσίτου
583 2703 630 2734 voc„
643 2697 661 2724 et
670 2695 692 2727 de
701 2705 721 2728 eo
731 2694 768 2737 qni-

79 2746 128 2789 dem,
142 2748 171 2789 qui
183 2748 234 2781 unius
247 2748 321 2782 hominis
334 2760 414 2783 caussam
426 2753 463 2795 agit
474 2753 511 2787 Iob.
524 2755 544 2797 9,
557 2756 585 2788 33.
744 2744 747 2748 ,
