1723 3054
92 241 133 285 152
343 231 488 278 EXGURSUS
503 238 529 276 n.

92 352 170 385 sextum
190 343 268 382 Claudii
278 343 304 391 ⁶⁹¹1
324 344 385 381 fuisse
404 344 485 393 putant)
506 342 599 380 incidisse
622 347 708 380 sumunt.
739 341 795 379 lam'

93 421 110 458 si
129 419 193 470 (quod
212 430 310 456 summum
331 417 371 466 est)
390 418 410 454 in
431 420 509 454 sextum
529 414 607 454 Claudii
628 429 712 462 annum,
730 415 748 453 h.
765 428 781 453 e.

76 495 126 543 ⁴(ut
140 489 272 531 Siiskindii
288 492 326 529 fert
342 490 424 541 opinio]
445 504 462 528 a.
480 494 512 528 49.
535 488 580 527 Chr.
596 490 676 537 incidit,
691 489 782 537 efficitur,

93 578 176 617 Panium
193 591 209 615 a.
227 580 270 624 35,
286 577 353 615 Tiber.
370 562 397 626 i}
414 576 459 625 (ec,
475 589 514 626 quo
525 575 586 614 Jesus
601 576 721 626 supplicium
736 588 781 625 pas-

93 666 127 692 sus
143 659 172 692 est
191 666 202 690 e
222 649 352 690 Siiskindii
372 650 478 701 opinione)
494 650 536 696 uel,
555 651 609 700 quod
628 651 725 688 absonum
745 654 782 697 est,

94 727 179 777 primurn
195 727 233 764 iter
248 725 327 764 Hieros.
344 725 468 775 suscepisse,
486 724 519 762 vel
535 729 587 762 certe
603 725 627 762 ad
643 736 702 763 sacra
716 723 782 762 christ.

93 801 206 840 transiisse:
224 801 244 838 id
264 801 316 851 quod
337 812 376 837 non
395 799 460 849 magis
480 799 527 836 ferri
546 811 607 848 posse
627 799 714 845 videtur,
738 810 782 835 nam

95 876 139 926 quis
154 875 236 913 tandem
252 875 289 913 sibi
305 874 443 924 persuadebit,
460 886 483 910 ea
499 874 575 920 omnia,
592 887 643 924 quae
659 874 699 911 Act
718 875 783 910 1-8.

96 956 212 994 narrantur,
232 950 285 987 intra
300 948 435 999 brevelunius
451 948 499 986 anni
514 948 598 998 spatium
615 954 672 998 gesta
688 946 782 998 esse?⁷⁰)

95 1047 122 1052 -
139 1001 215 1061 danem
225 1023 268 1060 fere
279 1023 394 1061 difficultate
404 1022 484 1061 laborat
495 1021 598 1061 Gabieri
606 1021 636 1074 71)
653 1021 783 1072 computatio,

95 1099 128 1150 qui
139 1097 223 1136 Paulum
234 1110 251 1135 a.
263 1100 295 1135 45.
307 1099 379 1137 iteruin
390 1096 533 1148 Hierosolyma
548 1098 630 1145 adiisse,
646 1110 662 1135 a.
678 1086 739 1147 igitur
751 1097 782 1135 31.

96 1172 175 1222 (dennis
194 1176 218 1209 14
234 1173 301 1223 annis)
317 1172 335 1210 h.
347 1185 363 1209 e.
376 1174 421 1209 734.
434 1172 477 1209 urb.
489 1184 505 1209 c.
518 1180 542 1220 tv.
553 1172 607 1209 infra
617 1178 656 1210 not.
669 1172 710 1220 74.)
726 1163 784 1209 sacia

96 1247 205 1286 christiana
220 1246 334 1296 amplexum
351 1258 394 1285 esse
409 1246 483 1284 statuit.

109 1391 110 1394 Ἰ
153 1342 211 1391 Quae
227 1356 271 1381 cum
287 1343 314 1381 ita
332 1343 381 1390 sint,
401 1343 422 1380 in
438 1355 507 1381 eorum
523 1343 640 1383 sententiam
656 1342 783 1391 discedimus,

95 1419 128 1470 qui
148 1420 172 1456 de
191 1418 250 1458 tertio
270 1416 292 1455 P.
311 1418 382 1455 itinere
404 1417 437 1469 agi
460 1418 597 1469 rationemque
619 1433 630 1456 a
652 1418 717 1468 primo
741 1418 783 1456 eius

96 1493 166 1530 itinere
185 1492 330 1543 Hierosolyma
348 1490 479 1542 susceptum)
499 1492 610 1531 ducendam
626 1506 670 1531 esse
686 1492 784 1530 arbitran-

64 1575 66 1578 ·
96 1574 133 1605 tur.
163 1566 205 1605 Iam
226 1567 243 1605 si
261 1567 347 1616 primurn
363 1566 412 1604 illud
428 1568 465 1604 iter
480 1567 500 1604 in
517 1580 548 1605 an.
566 1569 597 1605 38.
614 1567 707 1605 incidisse
723 1567 784 1605 sumis

96 1641 164 1692 (quod
185 1642 242 1679 etiam
263 1646 346 1690 propter
366 1654 399 1686 ea,
420 1654 471 1691 quae
490 1642 514 1679 de
533 1641 586 1679 beno
602 1642 692 1679 Arabico
709 1643 719 1677 2
737 1638 784 1681 Cor.

99 1719 134 1762 ll,
151 1718 176 1752 32
193 1728 222 1765 sq.
238 1720 357 1762 narrantur,
376 1715 483 1753 verisimile
499 1717 537 1767 est)
547 1714 574 1765 73)
592 1715 685 1763 efficitur,
700 1714 784 1753 Paulum

96 1803 113 1827 a.
125 1792 158 1828 52.
169 1790 247 1827 tertium
258 1788 403 1839 Hierosolyma
413 1802 456 1828 sese
468 1789 586 1837 contulisse,
603 1803 620 1827 a.
637 1797 702 1828 autern
714 1791 746 1828 35.
754 1789 783 1840 ⁷4)

145 1990 173 2031 69)
189 2001 204 2022 v.
220 2000 264 2022 neue
280 1990 332 2023 theol.
346 1989 410 2022 Annal.
422 1990 434 2022 1.
447 2000 461 2022 θ.
473 2001 490 2032 p.
504 1990 536 2023 343
550 1999 586 2033 sqq.
611 1990 678 2023 Eadem
692 1989 785 2023 difficultas
832 1971 840 2011 v.

96 2047 131 2079 iam
143 2052 220 2080 torserat
232 2046 346 2080 Gablerum
361 2049 420 2089 (nenes
433 2047 486 2080 theol.
499 2048 560 2080 Journ.
574 2048 585 2080 1.
599 2058 613 2080 c.
625 2059 641 2090 p.
656 2049 709 2089 221.)

144 2118 172 2153 70)
184 2126 201 2148 v,
214 2126 258 2148 neue
270 2116 395 2149 theobAnnal.
409 2117 420 2149 l.
433 2127 447 2149 c.
461 2128 478 2158 p.
492 2117 525 2149 356
539 2126 575 2158 sqq.
589 2116 609 2149 cf.
623 2121 682 2149 tamen
689 2117 785 2149 Ammon.

95 2176 106 2208 l.
121 2186 134 2208 c.
148 2186 164 2217 p.
178 2175 216 2207 233.

143 2244 171 2283 71)
184 2254 201 2276 n.
214 2243 267 2275 theol.
280 2243 342 2275 Journ.
354 2242 404 2275 XIII.
417 2254 434 2285 p.
447 2244 485 2275 221.

143 2312 172 2353 72)
185 2312 314 2344 Assentientem
330 2312 386 2345 habeo
401 2312 457 2344 virum
470 2312 540 2345 doctum
553 2314 570 2344 in
584 2322 640 2345 neuen
653 2313 706 2363 tbeol.
721 2312 785 2345 Annal.

96 2370 107 2401 1.
122 2380 135 2402 c.
148 2380 164 2412 p.
178 2368 217 2402 357.

144 2438 172 2481 73)
184 2448 200 2471 v.
212 2426 260 2479 Hng
272 2438 342 2488 Einleit.
355 2438 377 2480 H,
390 2450 407 2481 p.
421 2439 454 2471 276
467 2449 503 2480 sqq.
523 2438 602 2481 Nemini,
615 2441 685 2482 opinor,
699 2439 787 2472 Sdskin-

98 2496 147 2528 dius
163 2496 183 2536 (1.
197 2505 210 2528 c.
225 2507 242 2537 p.
255 2495 288 2528 311
302 2497 349 2538 sqq.)
365 2496 486 2538 persuadebit,
503 2498 576 2529 Aretam
592 2502 633 2529 ante
649 2508 665 2530 a.
678 2498 744 2529 Tiberii
757 2499 784 2530 16.

97 2553 204 2586 Damascum
218 2562 311 2595 occupasse
324 2553 350 2585 uel
363 2554 453 2586 obsidione
466 2554 545 2587 cinxisse.
571 2554 623 2587 Omni
636 2559 694 2587 autem
708 2556 786 2587 veritatis

98 2612 154 2652 specie
167 2614 235 2652 carent,
249 2620 293 2652 quae
305 2610 351 2644 idem
363 2611 390 2643 vir
402 2612 448 2644 doct.
461 2623 477 2653 p.
491 2611 529 2644 315.
543 2612 644 2654 disputavit.

145 2679 172 2720 74)
186 2680 247 2711 Annus
260 2678 288 2712 35.
301 2690 339 2713 aen.
348 2681 395 2722 vulg.
405 2681 486 2712 convenit
494 2691 533 2713 cum
542 2691 588 2714 anno
595 2681 646 2714 Rom.
654 2682 693 2714 788.
707 2680 786 2714 Christus

98 2740 156 2769 autem
174 2736 276 2779 supplicium
295 2747 357 2779 passus
377 2747 415 2770 esse
433 2737 501 2770 videtur
519 2742 602 2780 quattuor
621 2739 656 2771 fere
674 2739 724 2772 annis
747 2743 787 2782 post
