1723 3054
96 233 124 278 90
272 232 438 273 ANNOTATIO
454 233 608 273 PERPETUA,

97 339 206 388 Elmsley
228 338 253 375 ad
265 337 342 388 “Eurip
366 338 437 377 Bacch.
460 352 479 388 p.
502 340 534 375 28.
555 338 585 375 ed.
606 337 672 387 Lips,
696 335 784 389 Grqmnr.

93 413 124 451 N.
140 413 162 451 T.
178 426 198 462 p.
215 414 263 450 492,
293 412 318 449 In
341 412 413 452 talibus
436 414 535 450 bonorum
556 411 653 451 librorum
678 411 786 450 auctoritas

97 487 149 525 odet
164 500 182 524 v.
199 487 280 525 Bromi
296 488 321 525 ad
336 488 383 539 Lys.
399 502 418 539 p.
438 490 483 525 180.
503 485 611 527 Por-son.
627 492 648 525 et
663 485 787 526 Schaefor.

97 562 123 599 ad
142 562 211 612 Eurip.
231 559 295 600 Orest.
313 576 333 612 p.
352 565 382 600 60.
400 585 425 590 —
448 562 493 605 ἐλῗε,
509 577 526 603 τ.
543 561 598 604 aloc.
614 562 667 601 hfe.
684 566 788 612 antequam

96 631 196 690 ἡπίστις
215 642 273 687 atque
292 637 342 675 adeo
364 636 473 676 certissima
491 637 516 674 ad
535 649 603 674 veram
620 635 702 674 salutem
718 621 788 685 perve-

97 711 165 748 niendi
184 711 217 748 via.
235 711 349 750 hominihus
369 712 490 761 aperiretur,
510 712 573 749 hevor
588 711 620 748 die
635 710 689 752 πίστ.
706 710 735 747 als
751 710 786 747 das

98 785 160 823 Mittel
179 799 214 823 zur
238 786 343 835 (tt‘ahrenl
363 784 594 837 Gottwohlgcldlligheit
617 785 654 821 den
678 783 786 822 hlenschcn
810 820 812 828 ³

97 859 189 909 gewiihrt
204 860 278 898 wurde.
309 859 354 897 dam
371 860 440 909 πίστις
459 860 538 910 quidem
557 872 598 896 non
619 859 701 909 cogitari
721 863 787 908 potest

99 933 141 971 sine
156 933 191 981 iis,
207 947 258 985 quac
274 935 396 986 creduntur,
412 929 459 972 hino
475 940 539 972 autern
551 947 592 971 non
602 934 700 984 sequitur,
717 933 785 975 πίστιν

98 1007 163 1057 ipsam
180 1009 292 1048 doctrinam
308 1010 375 1050 christ.
396 1009 489 1062 (obiect.)
508 1008 630 1060 significare,
652 1013 675 1045 ut
695 1008 785 1058 plerique

99 1075 168 1120 omnes
186 1083 266 1130 uolunt,
290 1096 313 1121 ac
333 1084 416 1121 mirifice
436 1083 505 1121 dubito
524 1096 549 1120 an
569 1083 619 1121 haec
638 1088 728 1132 potestas
745 1081 785 1119 ullo

96 1156 142 1193 loco
159 1156 179 1193 in
195 1168 239 1195 voc.
255 1157 347 1207 πίστεως
362 1159 425 1195 cadat.
457 1157 514 1194 Haec
530 1161 594 1204 certe,
614 1170 665 1207 quae
681 1155 702 1194 P.
719 1156 786 1205 dispu·
823 1185 825 1188 .

97 1231 154 1278 tavit,
171 1231 196 1267 ad
212 1232 274 1272 aarum*
289 1233 398 1286 calcatisque
414 1231 597 1271 conformationem
614 1232 672 1270 unice
682 1231 786 1281 pertinent.

97 1327 124 1332 —
144 1300 183 1347 ὑπὸ
201 1302 247 1359 adp..
268 1302 430 1362 e'ppoopodpeho.
454 1309 552 1361 asanaa
576 1306 606 1356 εἰς
627 1305 787 1361 epitimam

98 1379 152 1422 nior.
169 1386 205 1417 cet.
224 1393 274 1418 non:
297 1381 335 1435 lept
350 1382 423 1434 (mos.)
440 1380 531 1421 obstricti
547 1381 667 1438 tenebamur
682 1393 745 1434 usqae
762 1381 789 1420 od

100 1454 138 1503 (ita
152 1454 247 1502 Morus,
263 1454 390 1506 Koppius,
406 1453 525 1506 temptet,
546 1454 581 1494 sed
597 1455 635 1509 lept'
649 1454 741 1495 obstricti
756 1453 788 1504 (in

97 1541 187 1566 severam
204 1529 271 1567 traditi
285 1529 337 1580 legis
353 1529 492 1580 disciplinam,
508 1542 559 1580 quae
573 1542 599 1567 ne
613 1530 634 1567 in
650 1542 729 1567 omnem
744 1528 788 1567 libi·

99 1603 164 1640 dinem
186 1604 334 1642 effunderemur
353 1604 417 1653 cavit)
439 1604 610 1650 custodiebantur,
631 1603 789 1644 ossorvodoaarr

98 1681 119 1717 ta
135 1683 181 1725 etc,
205 1684 225 1716 ut
243 1682 251 1715 1
268 1678 322 1716 Petr.
342 1682 358 1726 1,
376 1681 395 1714 4.
414 1673 464 1727 τοὺς
483 1677 503 1719 ἐν
520 1673 608 1732 &accipet
622 1677 674 1720 urat
690 1692 788 1734 φρουρου-

103 1753 179 1804 μένους
194 1752 225 1802 etc
245 1751 349 1807 σωτηρίαν
371 1758 406 1790 etc.
440 1750 487 1802 sap.
507 1754 540 1799 11,
559 1754 590 1790 16.
610 1745 648 1804 ista
666 1750 789 1800 Calvinus,

99 1825 225 1874 Piscator,
242 1825 368 1864 Semlerns
384 1832 404 1864 et
419 1823 501 1876 Stolz.)
517 1839 535 1865 v.
548 1826 602 1864 adv.
616 1828 647 1864 17.
663 1834 681 1864 et
692 1826 716 1863 cf.
728 1842 789 1883 ppon-

99 1906 139 1954 ρεῖν
151 1900 202 1939 Phil.
214 1905 234 1948 4,
247 1904 264 1940 1.
281 1901 332 1939 Vo'c.
344 1897 438 1943 duchat..
451 1901 475 1938 de
486 1901 555 1939 eadem
566 1914 588 1938 re
598 1901 659 1939 habes
669 1901 704 1939 Mt.
717 1905 747 1950 11,
757 1903 789 1939 27.

102 1979 109 2010 1
128 1973 173 2013 Cor.
191 1978 214 2023 2,
234 1979 264 2013 10.
289 1974 334 2013 Gal.
353 1980 373 2022 l,
393 1977 435 2022 16,
458 1961 543 2013 similem
558 1988 607 2012 vero
623 1977 703 2014 verbor.
720 1976 790 2014 traiec-

100 2049 174 2087 tionem
188 2048 246 2088 Rom.
263 2052 327 2096 8,18.
343 2045 396 2104 πρὸς
410 2045 448 2105 τὴν
465 2049 522 2105 μέλλ.
539 2046 604 2100 δόξαν
620 2045 710 2092 drona).

157 2123 180 2161 V.
198 2126 230 2161 24.
262 2124 381 2178 radmor.
396 2118 433 2178 ᾓμ,
451 2124 482 2173 εἰς
495 2125 534 2178 Xp.
552 2123 595 2173 lege
613 2125 717 2162 utebamur
736 2130 789 2176 tanq.

100 2180 232 2249 paedagogo,
255 2199 289 2249 qui
309 2210 346 2236 nos
367 2209 437 2235 severa
453 2197 558 2247 disciplina
574 2203 677 2236 coerceret
692 2199 727 2250 (cf.
743 2212 789 2255 συγ-

31 2267 36 2271 ’
100 2272 176 2315 κλείειν
193 2286 211 2311 v.
230 2273 282 2323 23),
304 2274 350 2310 dnm
366 2270 412 2310 Chr.
431 2286 469 2311 nos
490 2272 592 2325 (adultos)
609 2273 634 2310 ad
648 2274 712 2323 patris
727 2275 790 2325 ipsius

100 2347 267 2385 consuetudinem
283 2348 392 2386 adcluseret
406 2348 418 2386 i.
435 2361 453 2385 e.
470 2360 520 2398 opus
535 2347 573 2385 fuit
587 2348 642 2399 lege,
662 2362 712 2400 qnae
727 2350 791 2387 homi—

99 2434 134 2459 nes
150 2422 240 2460 nondum
260 2435 284 2460 eo
307 2422 404 2473 libertatis
422 2434 553 2472 progressos,
576 2427 598 2459 ut
615 2423 701 2461 honesta
718 2429 790 2472 sponte

99 2494 197 2543 lacerent,
217 2498 241 2534 ab
264 2497 374 2535 inhonestis
393 2497 491 2534 minarum
508 2496 614 2547 asperitate
629 2497 737 2534 deterreret
753 2503 788 2536 cet.

101 2568 150 2607 Voc.
167 2572 252 2624 rarior.
272 2584 383 2622 quanquam
400 2571 524 2609 severitatem
545 2570 643 2621 magistri,
664 2572 698 2620 qui
713 2585 789 2622 pueros

80 2630 83 2633 .
99 2644 197 2692 custodit,
213 2629 341 2694 potissimum
349 2646 459 2697 significat,
470 2632 546 2684 'tamen
557 2658 597 2683 nou
614 2645 691 2684 videtur
706 2659 718 2684 a
732 2661 789 2698 prac-

101 2720 211 2768 parationis
227 2719 286 2770 (iprae
300 2720 393 2771 fingendo
406 2720 550 2772 educandoque
560 2720 590 2772 fit)
606 2720 688 2760 notione
703 2736 787 2773 prorsus
