1723 3054
242 245 364 285 TERTIAE
380 243 529 283 EDITIONIS.
694 237 729 281 IX

39 350 65 393 ln
85 348 240 392 commentario
260 345 376 390 seribendo
396 346 438 389 hoe
458 346 550 388 maxime
570 343 682 402 ''speetavi⁷
706 347 731 383 ut

41 437 137 474 acerarute
166 429 320 485 interpretarer
344 427 422 482 verba,
448 426 580 483 explicarem
610 423 730 469 sententias

31 509 202 571 ‘DsApostoli7
226 509 246 551 lr.
268 524 285 551 e.
305 514 330 551 ut
349 515 371 551 et
393 508 507 550 notionum
530 507 731 561 sententiarumque

41 591 96 645 vim,
113 596 223 643 naturam,
239 589 436 643 necessit-udinem,
453 587 580 630 discrimina
594 585 688 642 denique
704 600 731 626 ex

43 671 102 714 omni
128 670 245 728 disciplina
270 671 304 713 vel
330 670 451 727 apostoliea
476 668 511 711 vel
535 667 628 710 Paulina
653 665 740 730 diluei-³>

40 751 126 807 darem⁷
150 759 176 793 et·
194 767 245 793 vero
269 750 356 807 singula
376 751 444 792 verba
463 764 582 804 eorumque
601 746 730 801 deelinatus,

42 831 228 888 quermrdmodum
247 831 345 888 ipsorum
361 831 483 888 proprietas
499 838 520 872 et
536 843 626 886 graesae
642 828 730 884 linguae

41 912 101 969 leges
118 912 241 969 postulant,
261 911 398 970 illqstrarem.
429 910 525 953 Multum
542 910 598 952 enim
615 909 730 962 abhorreo,

41 992 101 1035 velut
120 991 147 1034 ab
167 991 254 1034 illorum
277 991 339 1035 malis
362 992 458 1047 artibus⁷
481 991 519 1048 qui
542 1005 592 1033 suas
616 989 731 1047 opiniones

42 1072 120 1115 inferre
140 1071 203 1115 libris
229 1062 295 1116 saeris
322 1088 387 1128 quam
414 1088 470 1129 quae
495 1071 644 1129 apostolorum
669 1084 737 1112 mens·

41 1152 116 1207 luerit,
137 1151 253 1210 diligenter
272 1153 386 1214 anquirere
405 1152 499 1207 malunt,
519 1152 549 1195 ita
565 1152 592 1194 ab
608 1151 686 1193 horum
701 1150 731 1192 le-

42 1233 120 1287 vitate,
146 1233 194 1288 qui,
218 1229 327 1290 enallages
350 1239 436 1290 turpem
460 1232 623 1276 exeusationem
646 1245 732 1287 semper

43 1313 64 1354 in
89 1329 125 1355 ore
149 1321 261 1369 gerentes,
284 1306 313 1356 (le
333 1322 440 1370 perpetua
465 1328 544 1355 vooum
569 1313 732 1367 formarumque

40 1393 98 1443 inter
113 1409 136 1435 se
152 1393 297 1449 permixtione
316 1394 431 1437 somniant.
461 1393 512 1435 Hoe
528 1392 682 1436 effusissimum
699 1406 732 1433 ar-

44 1472 143 1526 bitrium⁷
162 1472 219 1514 bane
237 1457 330 1528 (quidni
349 1474 480 1530 appellemi)
499 1473 655 1525 temeritatem7
675 1486 732 1527 quae
775 1495 779 1499 2

26 1541 87 1593 *diei
106 1552 143 1594 vix
162 1559 246 1608 potest‚
271 1560 375 1608 quantum
400 1554 474 1596 damni
495 1554 601 1596 librorum
620 1566 732 1595 sacrorum

45 1631 218 1687 interpretationi
242 1633 339 1676 attulerit
363 1627 512 1690 quantamque
530 1632 674 1690 turpitudinis
693 1647 732 1674 no-

43 1717 86 1753 tam
107 1712 166 1753 omni
189 1718 277 1755 nostrae
298 1713 455 1771 interpretandi
479 1714 519 1756 arti
540 1713 644 1756 inusserit
653 1713 683 1767 ²),
709 1719 733 1754 ut

41 1790 129 1833 tandem
149 1792 263 1842 atteiam,
283 1800 392 1850 quotquot
411 1794 438 1837 ad
457 1794 485 1837 N.
502 1795 561 1837 Test.
579 1792 733 1850 explicandum

43 1871 162 1926 accedunt,
183 1873 273 1915 mirifice
292 1880 399 1930 optamus.
416 1900 443 1906 —
461 1874 561 1916 Aliorum
581 1875 733 1931 interpretum,

42 1951 190 2007 antiquiorum
210 1953 309 2010 inprimis
330 1954 382 2010 (qui
398 1954 554 1998 sententiarum
571 1970 651 1998 nexum
667 1969 733 2011 saepe

42 2032 128 2074 acutius
149 2032 290 2088 perviderunt
307 2050 423 2091 rerumque
439 2035 539 2090 notiones
556 2035 680 2091 religiosius
697 2050 734 2077 ex-

42 2111 179 2168 plicuerunt)
206 2113 332 2169 opiniones,
355 2126 472 2172 antequam
498 2115 627 2170 scriberem,
652 2114 734 2157 exami-

42 2191 92 2234 navi
118 2194 206 2247 omnes,
237 2209 318 2251 paucas
344 2201 430 2238 tantum
455 2196 477 2238 in
503 2196 659 2239 oommentario
684 2211 733 2252 per·
792 2233 795 2236 ,

42 2272 130 2327 strinxi,
154 2288 202 2327 eas,
226 2289 282 2330 quae
302 2275 336 2317 vel
356 2276 483 2319 subtilitatis
503 2276 617 2319 cuiusdam
636 2276 733 2333 speeiem

41 2366 93 2406 prae
110 2368 133 2396 se
151 2352 244 2408 ferrent„
264 2355 298 2398 vel
318 2355 473 2412 probabilitate
492 2355 587 2412 quadam
607 2372 656 2400 sese
674 2371 733 2399 ooni-

43 2502 175 2509 —-——.

100 2603 121 2653 ¹2)
138 2601 168 2641 Of.
186 2616 237 2654 quae
253 2604 303 2643 bene
313 2604 414 2656 disputata
424 2612 471 2644 sunt
481 2606 502 2644 in
513 2606 596 2658 Ephem.
612 2607 658 2644 Jen.
674 2609 732 2644 t825.

40 2672 56 2710 Ι.
72 2688 91 2725 p.
109 2679 142 2714 58.
451 2678 453 2680 ’
