1723 3054
218 765 409 879 tursio
448 793 658 878 turtur.
731 874 734 879 f

394 1136 448 1195 Cap.
464 1136 482 1179 Ι.
543 1111 545 1113 ¹

126 1314 129 1322 Ἰ
152 1266 228 1307 Paulus
244 1267 349 1318 apostolus
364 1280 407 1306 non
422 1268 447 1306 ab
458 1265 572 1305 hominibus
583 1279 619 1305 nco
629 1279 666 1317 per
675 1266 784 1314 hominem,

95 1343 131 1381 sed
146 1356 183 1393 per
197 1342 267 1381 Jesum
279 1340 380 1381 Christum
395 1347 415 1380 et
423 1341 490 1380 Deum
500 1347 589 1392 patrem,
606 1342 639 1393 qui
654 1355 699 1380 eum
709 1355 720 1379 e
730 1354 786 1379 mor-

95 1417 134 1456 tuis
149 1418 264 1465 revocavit,
288 1422 308 1455 et
321 1419 361 1468 qui
377 1430 454 1456 mecum
471 1417 534 1468 (snat)
550 1416 621 1455 fratres
639 1429 708 1455 omnes
724 1416 786 1455 eccle-

95 1492 129 1531 siis
145 1490 246 1539 Galatiae3
261 1492 326 1543 gratia
341 1492 399 1530 vobis
415 1497 433 1529 et
447 1504 489 1542 pax
505 1491 625 1547 (curatitrpat)
641 1505 653 1529 a
667 1491 713 1530 Deo
728 1493 789 1542 patre

96 1573 115 1604 et
134 1567 218 1604 domino
239 1571 310 1605 nostro
326 1566 378 1605 Jesn
393 1564 485 1614 Christo,
511 1566 545 1617 qui
562 1567 690 1617 semetipsum
705 1566 787 1604 tradidit

97 1641 214 1695 (reipuplicae)
229 1649 270 1691 pro
283 1641 372 1691 peccatis
388 1641 472 1689 nostris,
488 1646 509 1678 ut
523 1640 620 1679 liberaret
635 1654 672 1680 nos
683 1653 709 1679 ex
722 1654 786 1692 pravo
847 1687 848 1690 Ἴ

96 1718 135 1755 hoc
155 1715 223 1755 seculo
243 1715 353 1753 secundum
371 1715 495 1754 voluntatem
513 1715 554 1753 Dei
576 1716 638 1766 patris
658 1715 731 1763 nostri,
755 1717 787 1754 cui

97 1791 140 1842 (sit)
156 1790 223 1842 gloria
237 1790 259 1827 in
274 1802 345 1828 aevum
361 1791 509 1840 sempiternum.

155 1865 231 1911 Miror,
255 1865 347 1902 vestam
362 1864 401 1902 cito
418 1866 443 1903 ab
459 1878 493 1913 eo,
517 1864 551 1915 qui
566 1877 602 1903 vos
617 1865 699 1903 vocavit
714 1863 789 1905 Christi

97 1939 205 1986 beneficio,
220 1938 298 1976 traduci
313 1938 339 1975 ad
354 1938 409 1976 aliud
419 1939 553 1990 evangelium3
570 1940 623 1989 quod
634 1952 675 1976 non
687 1946 716 1979 est
727 1941 788 1989 aliud,

97 2014 136 2052 nisi
151 2018 198 2052 sunt
214 2013 248 2064 qui
262 2026 300 2051 vos
318 2013 438 2051 conturbent
452 2018 472 2051 et
487 2018 602 2063 pervertere
613 2014 705 2052 studeant
715 2013 802 2055 Christi

97 2087 229 2139 evangelium.
268 2088 297 2125 At
315 2088 333 2126 si
351 2087 383 2126 vel
402 2087 520 2138 nosmetipsi
539 2087 599 2142 (epo)
618 2094 653 2126 aut
667 2090 750 2140 angetus
765 2092 790 2130 de

98 2162 155 2201 coeio
172 2162 282 2215 (delapsas)
299 2174 336 2200 vos
353 2163 377 2199 de
392 2162 467 2201 Messio
481 2162 589 2201 instituerit
604 2175 662 2200 secus
677 2170 738 2214 atque
752 2178 790 2204 nos

96 2237 228 2283 instituimus,
245 2237 294 2275 diris
304 2236 339 2275 ille
350 2236 436 2275 devotus
447 2242 497 2276 esto.
531 2234 704 2284 Quemadmodum
716 2239 789 2291 (ruodo)

98 2311 184 2366 diximus
200 2315 219 2348 et
234 2323 287 2348 nunc
302 2311 373 2348 iterum
391 2312 446 2359 dico,
467 2312 484 2349 si
500 2312 544 2362 quis
560 2324 597 2350 vos
614 2299 686 2350 doceat
701 2321 790 2364 praeter-

79 2400 157 2438 ,quam
180 2385 234 2437 qnod
257 2384 372 2436 accepistis,
398 2385 446 2424 diris
470 2385 555 2425 devotus
580 2391 630 2425 esto.
661 2384 720 2427 Nunc
736 2391 789 2429 enim

97 2462 188 2500 homines
205 2460 267 2514 (trahi)
284 2460 393 2499 conciliare
413 2461 485 2499 studeo
505 2474 530 2499 an
546 2460 625 2500 Deum?
648 2462 790 2505 hominibusne

96 2537 178 2588 placere
194 2536 268 2586 cupio?
284 2534 305 2574 Si
320 2535 379 2573 etiam
394 2549 448 2574 nune
461 2536 577 2575 horninibus
587 2537 699 2587 placerem,
716 2538 790 2581 Christi

97 2612 187 2651 minister
203 2624 244 2649 non
260 2624 330 2650 essem.
801 2601 804 2605 ⁴

155 2685 321 2725 Declaroantem
332 2686 401 2734 uobis,
418 2686 526 2735 carissimi,
541 2688 653 2726 doctrinam
664 2691 790 2740 messiananr,

98 2775 148 2814 quae
164 2774 176 2800 a
191 2774 222 2800 me
237 2761 330 2809 traditur,
347 2773 389 2800 non
405 2773 449 2801 esse
464 2763 578 2802 humanam.
597 2762 668 2814 Neque
684 2765 736 2803 enim
752 2779 790 2818 ego
