1723 3054
100 237 128 281 32
224 205 341 275 'ruasro
357 235 470 274 turtur.
501 234 559 276 cur.
570 238 596 277 n.
607 238 644 276 ur.

90 339 183 393 'probari
198 340 310 391 cupientes,
326 340 366 391 ipsi
381 342 439 380 etiam
450 347 565 393 peccatores
581 342 701 393 deprehensi
712 353 787 390 sumus,

101 429 168 455 nonne
183 413 274 454 Christus
289 421 418 466 peccatorum
434 416 536 456 minister?
553 417 606 468 quod
622 418 683 457 absit!
709 416 788 455 Etenim

100 491 117 529 si
133 502 183 541 quae
199 490 302 539 destruxi,
326 504 350 529 ea
365 492 431 530 denuo
449 492 549 539 instaura,
575 497 702 542 peccatorem
718 497 789 530 memet

100 564 189 603 declaro
225 565 270 617 Ego
294 567 347 604 enim
369 580 405 616 per
426 566 491 618 legem
513 566 553 617 legi
575 572 665 606 mortuus
688 578 751 615 sum,
768 572 790 605 ut

99 638 146 678 Deo
169 641 264 679 viverem.
294 640 341 679 Una
359 653 402 679 cum
422 639 501 679 Christo
522 641 543 679 iu
562 654 641 680 crucem
659 643 719 695 quusi
733 647 789 680 aetus

24 738 31 742 >
100 727 155 762 sum,
174 715 226 753 'vivo
253 720 317 753 autem
342 727 383 753 non
406 716 490 766 amplius
513 728 561 767 ego,
587 716 622 754 sed
644 716 693 755 vivit
714 716 735 753 in
758 729 789 754 me

101 788 202 838 Christus3
227 791 282 841 quod
297 794 363 828 autem
378 803 431 828 nunc
449 792 495 829 vivo
512 791 640 839 naturaiiter,
658 791 697 829 fide
708 788 789 838 Christi,

101 864 135 915 qui
151 878 181 903 me
198 865 272 903 amavit
290 877 351 915 seque
366 878 404 915 pro
423 878 454 904 mc
470 865 552 903 tradidit
568 865 691 919 (supplicio),
706 866 759 904 vivo.
811 920 813 922 q

390 1091 443 1149 Cap.
459 1092 500 1134 ΠΙ.

160 1238 177 1277 O
194 1239 295 1277 dementes
311 1237 406 1287 Galatae,
425 1239 469 1290 quis
485 1240 600 1278 excantavit
614 1253 651 1280 vos
669 1241 698 1290 (ut
712 1220 791 1279 veritati

101 1327 144 1358 nou
162 1313 347 1364 obtemperaretist?
363 1313 437 1364 quippe
453 1313 524 1364 quibus
540 1312 632 1354 Christus
647 1315 701 1354 cruci
717 1315 790 1354 affixus

100 1395 146 1427 ante
169 1388 240 1427 oculos
263 1388 379 1439 propositus
397 1387 502 1442 [depictus]
519 1389 554 1437 sit,
579 1403 652 1440 nempe
672 1391 693 1427 in
713 1390 790 1428 animis.

100 1464 147 1502 Hoc
165 1464 230 1502 solum
250 1476 262 1500 a
280 1463 338 1502 vobis
359 1463 435 1501 discere
454 1463 525 1513 cupio,
551 1477 588 1514 per
605 1463 656 1515 legis
672 1464 790 1516 obsequium

102 1538 194 1590 spiritum
213 1537 330 1587 acceperitis
349 1550 431 1588 anper
449 1537 592 1576 institutionem
611 1539 636 1576 ad
654 1539 727 1577 fidem?
757 1539 791 1577 ad-

103 1626 154 1651 eone
177 1613 281 1650 dementes
297 1612 353 1659 estis,
379 1617 400 1649 ut
415 1625 427 1649 a
442 1612 513 1662 spiritu
529 1613 607 1660 exorsi,
626 1626 679 1651 nuuc
693 1614 715 1650 in
731 1626 792 1651 carne

104 1687 211 1727 desinatis?
226 1686 276 1724 Tam
296 1687 357 1724 muita
373 1687 451 1737 experti
466 1687 513 1725 estis
526 1686 614 1740 trustra?
630 1685 731 1738 Siquidem
750 1688 792 1726 fru·
809 1712 810 1715 =

103 1768 149 1801 stra.
179 1761 245 1812 Igitur
264 1762 297 1812 qui
316 1774 362 1799 ros*
371 1761 443 1811 spiritu
461 1761 517 1812 large
535 1762 632 1811 impertiit
651 1761 752 1813 multaque
770 1763 791 1800 in

102 1838 161 1877 robis
177 1841 273 1887 operatus
288 1841 319 1874 est
334 1836 442 1883 mirabilia,
465 1843 549 1887 propter
568 1836 618 1887 legis
635 1838 751 1888 obsequium
767 1851 793 1875 an

103 1917 187 1964 propter
214 1912 273 1949 fidem
299 1911 346 1960 (boc
373 1911 446 1963 ferat?
472 1912 639 1962 quemadmodum
666 1913 793 1952 Abrahamus

102 1988 162 2025 fidem
186 1987 263 2024 habens
287 1985 343 2033 Deo,
368 1999 412 2023 eam
437 1987 462 2024 ob
488 1998 578 2040 caussam
602 1988 698 2036 probatus
718 1993 747 2026 est
767 1988 792 2026 ei.

103 2060 227 2112 Cognoscite
242 2060 312 2111 igitur,
330 2073 375 2108 eos,
392 2060 426 2111 qui
441 2060 501 2098 fidem
516 2061 612 2108 habeant,
629 2073 672 2099 esse
682 2062 793 2100 Abrahami

102 2142 202 2187 posteros,
232 2135 277 2173 Iam
297 2147 341 2173 cum
356 2134 483 2184 praevideret
502 2135 612 2185 scriptura,
635 2141 719 2186 propter
733 2136 794 2175 fidem

103 2218 171 2263 gentes
186 2210 233 2250 Deo
249 2196 408 2261 probatumiri,
433 2210 486 2248 hanc
501 2210 617 2249 Abrahamo
638 2211 692 2248 dedit
706 2212 794 2261 promis-

103 2287 189 2325 sionem:
211 2286 232 2326 iu
248 2291 266 2327 tc
282 2286 353 2326 beatae
367 2285 480 2326 redderetur
496 2298 562 2327 oruacs
573 2291 653 2340 peotes:
678 2286 744 2337 itaque
761 2288 795 2338 qui

103 2362 163 2399 fidem
181 2361 264 2408 habeut,
291 2360 343 2399 beati
362 2361 472 2417 redduntur
491 2374 535 2400 cum
555 2362 670 2400 Abrahamo
689 2361 736 2399 fidei
754 2367 794 2400 stu-

103 2435 166 2474 dioso.
208 2433 313 2486 Quotquot
328 2436 381 2473 euim
395 2435 446 2486 legis
463 2436 558 2486 operibus
574 2436 665 2482 student,
690 2435 705 2472 ii
721 2437 793 2486 poenis

105 2509 190 2549 obnoxii
208 2515 263 2557 sunt,
290 2522 336 2547 nam
354 2510 450 2561 scriptum
470 2515 508 2549 est:
529 2522 607 2565 pacans
627 2509 666 2550 ruet
682 2510 795 2565 quicunque

102 2598 143 2626 aaa
165 2585 186 2625 ta
209 2583 300 2624 ornatibus
324 2585 363 2635 his,
390 2598 443 2639 quac
465 2585 487 2626 io
510 2585 561 2625 bbro
582 2585 629 2638 lepis
647 2585 727 2638 scripto
741 2591 794 2637 suat,

100 2660 249 2714 perruaascrit,
274 2660 364 2709 parendo
387 2660 417 2698 iis.
448 2659 554 2698 Neminem
577 2672 625 2698 vero
646 2666 730 2711 propter
744 2661 795 2712 legis

104 2735 190 2774 studium
206 2733 251 2773 Deo
267 2734 361 2784 probari,
385 2740 479 2785 apparet,
499 2736 553 2786 quod
570 2734 642 2786 broad:
664 2736 744 2789 probus
758 2748 796 2788 ’ρον
