1723 3054
299 235 358 274 CAP.
375 236 409 273 IV.
426 249 444 273 v.
461 241 559 275 14-17,
735 237 773 279 103

85 341 126 389 vel,
150 341 204 392 quod
224 341 249 378 ad
268 340 352 379 eundem
371 339 414 379 fere
431 352 510 378 sensum
530 341 590 389 redit,
614 341 671 380 vobis
689 340 774 380 infestus

84 415 132 465 (Dio
143 413 214 465 Chrys.
227 418 259 453 49.
270 429 289 465 p.
302 415 363 465 536).
377 438 401 443 -
414 410 478 470 elleh*-
489 416 597 465 generatim
614 421 652 454 est:
668 416 772 454 veritatem

83 487 158 529 sectari
172 489 246 539 Ephes.
258 493 281 537 4,
295 492 324 530 15.
345 488 416 540 (Diog.
427 488 450 526 L.
464 492 481 536 1,
494 491 512 527 2.
526 492 556 527 18.
572 489 622 527 Xen.
634 488 709 541 Cyrop.
723 493 741 537 1,
754 494 772 529 6.

86 566 119 601 33.
136 568 156 611 4,
168 566 186 601 2.
199 566 217 601 7.
229 561 284 614 cet.]:
300 565 318 601 h.
334 564 348 601 l.
364 556 442 614 spectat
457 576 492 611 eo,
508 564 562 615 quod
577 563 600 601 P.
609 562 725 602 Galatarum
742 579 772 603 er-

84 649 151 685 rores,
175 643 195 675 ut
217 639 245 676 rei
267 639 340 677 veritas
358 638 483 688 postulabat,
507 638 648 689 castigaverat5
671 651 717 677 nos:
740 653 772 677 um

84 712 159 751 meiner
171 712 335 752 Wahrheitslicbe
351 712 423 752 uuillen.
447 713 492 754 Ter¹
504 713 567 751 Andr.
582 717 600 760 1,
618 716 635 761 1,
652 716 684 750 41:
701 713 772 753 veritas

86 787 153 833 odium
170 788 222 837 parit
238 786 329 836 (Lusias.
346 787 417 825 Abdic.
434 789 461 839 7.)

141 861 166 908 V.
185 864 215 899 17.
239 862 319 918 ζηλοῦσ.
339 858 373 917 ὑμ.
398 860 484 900 Concise
503 863 583 900 dictum.
613 861 704 913 Respicit
718 862 772 910 illos,
828 906 830 909 .

85 936 118 987 qui
139 934 222 975 Galatas
240 942 367 975 transversos
387 943 482 987 egerant,
505 934 630 975 Christianos
650 937 773 976 iudaicarum

85 1010 203 1060 opinionum
223 1016 309 1049 tenaces.
341 1012 413 1067 ζηλοῦν
429 1026 477 1053 τινα
493 1017 522 1049 est
537 1011 568 1048 vel
586 1006 687 1052 ocriculum
703 1013 773 1062 (atque

84 1085 135 1122 adeo
147 1084 243 1134 arctare)
256 1085 316 1124 alicui
327 1084 378 1123 Gen.
389 1088 422 1133 37,
437 1089 466 1124 10.
484 1084 563 1136 (Polyb.
577 1090 594 1133 1,
607 1088 624 1123 7.
637 1088 655 1124 8.
676 1089 693 1134 1,
706 1090 738 1124 79.
758 1090 773 1124 l.

84 1159 195 1206 Herodian.
213 1163 232 1208 2,
249 1162 267 1197 7.
283 1163 300 1198 8.
320 1160 382 1198 Thnc.
395 1163 414 1204 2,
427 1162 467 1208 37.)
483 1161 514 1198 vel
526 1155 597 1210 ‘gener
614 1161 657 1200 αα
671 1161 737 1214 stadio
753 1161 774 1200 lu

85 1234 172 1287 aliquem
186 1233 247 1288 ferri,
264 1235 308 1275 ocri
323 1229 389 1275 studio
402 1234 489 1288 cliurtcut
501 1239 597 1287 castratura
614 1235 663 1285 (sich
679 1248 712 1273 um
726 1236 772 1284 jem.

85 1307 197 1358 heeifern),
221 1309 274 1359 quos]
295 1321 333 1359 pro
348 1309 440 1347 locorum
456 1314 528 1347 natura
543 1309 599 1346 varie
615 1308 687 1347 dicitnr
703 1307 774 1348 QCor.

88 1386 120 1430 11,
132 1385 143 1420 2
166 1382 227 1422 Prov.
239 1385 273 1430 23,
285 1386 315 1421 17.
328 1386 361 1431 74,
371 1386 389 1427 Ι1,
405 1382 437 1422 Ps.
451 1385 484 1431 37,
499 1387 514 1421 l.
531 1381 593 1433 Soph.
604 1383 636 1422 Αἰ.
649 1385 696 1422 552.
708 1383 773 1435 (atu).

84 1457 111 1495 H.
126 1457 138 1494 l.
155 1470 194 1508 qua
212 1459 231 1495 in
251 1471 273 1495 re
293 1463 386 1495 cernatur
405 1458 458 1496 istud
477 1459 573 1505 studium,
596 1458 636 1496 ista
659 1458 772 1506 aemulatio,
837 1459 840 1464 ’

85 1532 189 1582 sequentia
207 1533 291 1579 docent,
311 1544 338 1571 sc.
358 1533 438 1570 student
453 1545 490 1571 vos
505 1533 525 1570 in
541 1545 589 1571 suas
604 1537 671 1582 partes
687 1533 773 1574 trahere.

86 1606 187 1667 Theodor·
208 1602 297 1662 ὁρῶντες
315 1601 373 1661 ὑμᾶς
390 1607 418 1664 τῇ
433 1607 504 1650 πίστει
518 1603 655 1662 λάμποντας,
675 1603 774 1650 ἀνιῶνται

86 1679 124 1723 καὶ
139 1677 211 1735 ταντα
225 1678 426 1737 πραγματεύονται,
443 1677 495 1731 iture
510 1677 567 1736 ὑμᾶς
578 1681 662 1724 ἐκείνων
674 1682 774 1738 στερῆσαι

21 1794 24 1801 ,
50 1761 65 1786 s
86 1756 128 1798 τῶν
144 1752 239 1811 durachim.
263 1756 360 1795 Erasm.
377 1769 419 1795 non
435 1756 496 1794 male:
512 1756 602 1796 anthitau
616 1769 658 1797 tvos.
674 1756 715 1806 [Al.
732 1758 774 1798 ocl-

85 1830 188 1871 mirantur
203 1843 249 1881 oca,
265 1830 333 1885 felices
346 1831 471 1884 praedicunt
486 1830 585 1869 malevolo
605 1831 671 1869 animo
691 1831 715 1870 cf.
734 1831 774 1870 Xe-

86 1906 147 1956 noph.
158 1905 238 1943 Hellen.
251 1908 270 1953 6,
283 1897 302 1953 5,
314 1906 347 1943 38.
363 1904 419 1943 Hier.
433 1907 451 1952 1,
463 1908 482 1943 6.
500 1908 518 1953 6,
532 1907 563 1942 ta.
580 1905 663 1946 Isocrat.
679 1905 743 1958 Evag.
756 1909 774 1944 8.

60 1984 62 1988 ’
85 1994 104 2018 u.
120 1979 193 2019 Zonar.
209 1993 224 2019 s.
240 1980 259 2019 h.
275 1993 303 2027 v.;
326 1979 375 2019 satis
392 1961 525 2018 incommode.
552 1980 595 2028 At,
614 1986 636 2019 ut
650 1978 775 2032 Koppius:

85 2055 175 2096 invident
189 2055 245 2095 vohis
260 2069 287 2094 sc.
307 2054 421 2093 felicitatem
443 2067 496 2102 eam,
517 2068 556 2106 qua
570 2068 610 2094 sec.
626 2054 686 2093 Pauli
702 2056 775 2095 doctri-

87 2144 133 2168 nam
148 2130 213 2186 potiri
225 2130 348 2180 potuissent;
364 2131 399 2168 sed
414 2130 432 2169 si
446 2130 497 2168 hacc
512 2130 537 2169 iis
547 2130 653 2168 videbatur
670 2143 717 2168 vera
732 2131 776 2169 feli-

86 2206 146 2253 citas,
162 2218 197 2243 cur
213 2218 253 2243 non
270 2204 309 2255 ipsi
324 2206 349 2243 ad
365 2217 407 2251 eam
423 2217 468 2244 sese
484 2204 612 2243 contulerunt
622 2205 699 2255 pot-ius,
715 2218 775 2255 quant

63 2304 66 2308 .
86 2279 173 2318 invidiae
188 2278 329 2330 studueruntl]
344 2301 372 2307 —
388 2275 411 2321 οὐ
422 2279 495 2329 καλῶς
511 2292 551 2317 non
566 2280 664 2326 honesto,
679 2278 776 2318 laudabili

86 2354 147 2393 modo
163 2353 283 2405 (consilio);
303 2358 332 2406 est
347 2353 399 2392 enirn
415 2362 435 2392 et
450 2353 533 2411 cogitari
548 2358 614 2403 potest
630 2353 693 2408 ζῆλος
707 2354 776 2393 lauda-

86 2430 132 2469 bilis
149 2431 159 2467 2
172 2427 219 2467 Cor.
232 2431 252 2476 7,
263 2431 281 2467 7.
292 2428 425 2480 simulato.
436 2415 471 2483 hu.
482 2428 529 2471 aa.
544 2427 568 2465 In
584 2427 615 2466 his
631 2428 688 2466 etiam
696 2429 776 2479 ⁵mirum

88 2511 117 2544 est
135 2505 265 2555 interpretum
289 2503 399 2542 dissidium⁴
424 2503 482 2545 ἐκκλ.
506 2501 590 2542 Graecis
614 2509 643 2542 est
665 2504 774 2558 selcauqcrc,

86 2584 188 2621 remouere
204 2579 229 2621 ub
247 2580 272 2620 cl.
288 2591 317 2619 rc.
343 2577 383 2617 Sed
399 2577 510 2629 quaeritur,
527 2591 539 2616 a
554 2578 643 2629 quonam
660 2579 776 2630 seiungant?
794 2625 801 2630 Η

88 2653 169 2708 Scilicet
184 2654 217 2703 (nt
235 2653 274 2693 iam
294 2651 408 2700 Grotius,
427 2651 571 2703 Bengclius,
595 2651 728 2692 Oramerus
748 2652 776 2690 vi-

90 2730 172 2780 derunt)
192 2730 216 2767 ab
235 2727 328 2779 apostolo
348 2727 429 2779 eiusque
449 2728 596 2767 communione.
628 2727 667 2766 Ubi
683 2727 735 2770 enim
751 2728 776 2769 ad
