1723 3054
334 259 479 299 oxonnsns
494 260 520 298 11.
731 234 771 300 151
811 245 817 247 ’
838 262 839 265 ’

84 365 109 401 ad
125 378 181 403 saera
195 365 299 404 transiisse
310 355 426 403 christinus:
442 365 494 414 qnod
511 369 586 406 tantum
602 364 670 410 abest,
686 366 708 400 nt
723 367 771 400 tem-

84 443 155 489 porum
174 439 284 478 rationibus
292 439 321 489 ⁷⁵)
342 439 471 493 adversetum
488 444 510 476 ut
524 425 558 486 iis,
579 450 630 489 quae
646 438 670 475 de
685 437 771 475 Judaeis

84 512 149 551 Roma
168 513 257 564 expulsis
277 514 333 563 (Aet
352 516 386 561 18,
407 513 436 565 2,)
456 512 586 563 probabiliter
605 512 707 562 disputata
725 517 773 551 sunt

84 600 95 624 o
111 587 265 640 Vogelioffl),
281 588 395 626 confirmari
410 587 506 626 videa-tur.

140 686 206 735 Atque
221 686 270 723 haee
285 686 302 724 si
318 691 371 723 reete
386 685 488 735 disputata
503 690 560 731 sunt,
575 689 648 734 sponte
664 684 773 723 concidunt

83 758 126 806 illa,
143 772 205 810 qnae,
221 766 242 797 ut
257 772 318 810 supra
333 760 429 807 vidimus,
448 773 459 797 e
474 759 522 798 1000
538 764 608 797 nostro
624 759 643 796 in
661 771 711 798 suae
727 771 772 797 sen-

83 833 155 870 tentiae
170 834 303 883 patrocinium
319 839 412 884 repetunt
426 833 458 881 hi,
479 833 549 884 quibus
570 834 594 871 de
609 833 697 871 seeundo
715 833 771 871 Panl'

82 908 153 946 itinere
169 909 201 959 agi
217 908 288 958 placet.
320 908 370 946 Nam
391 898 445 958 quod
463 909 552 962 primurn
571 913 708 958 argumentum
728 908 772 945 atti-

84 989 127 1029 1111,
148 983 217 1033 quidni
236 983 324 1032 potuerit
341 982 416 1021 Paulus
435 982 545 1021 seeundum
566 982 603 1020 iter
622 983 640 1020 h.
656 983 668 1021 l.
685 987 773 1032 praeter·
836 993 838 995 ’

84 1057 170 1104 mittere,
193 1056 210 1095 si
232 1070 309 1107 paucos
331 1058 469 1095 tantummodo
489 1058 530 1095 dies
551 1056 701 1108 Hierosolymis
720 1070 774 1095 eorn-
833 1056 835 1059 ’

84 1137 195 1169 moraretur
213 1137 232 1169 et
250 1145 295 1169 oum
310 1132 400 1170 diaconis
416 1132 479 1183 magis
496 1131 578 1183 (quibus
594 1131 710 1169 tradendae
719 1130 778 1169 erant*

83 1206 204 1256 pecuniae),
232 1219 290 1257 quam
312 1205 417 1257 Apostolis
444 1205 526 1257 ageret?
538 1206 566 1257 ⁷⁷)
600 1204 692 1244 Ceterum
719 1206 773 1256 quod

85 1344 224 1351 —..--

85 1429 111 1462 14.
126 1439 190 1461 annom
202 1429 276 1470 Tiberii,
289 1429 305 1461 h.
319 1439 334 1461 e.
347 1439 362 1461 o.
374 1428 425 1476 Rom⁴
438 1428 501 1472 esest.
525 1428 553 1461 Ita
566 1428 630 1461 Christi
643 1428 714 1460 eaedem
727 1429 772 1460 inter

84 1491 102 1518 et
119 1486 169 1518 Pauli
189 1487 318 1518 conversionem
338 1486 436 1518 intermedii
451 1486 517 1518 fuerint
532 1489 568 1518 tres
583 1486 610 1517 vel
628 1485 661 1527 (ad
677 1488 772 1523 summum)

83 1547 167 1585 quattuor
179 1545 226 1575 anni.

131 1623 160 1664 75)
175 1623 245 1655 Mecum
260 1623 302 1655 feeit
314 1624 430 1665 Vogelius‚
446 1624 514 1666 college
525 1624 639 1665 venerabilis,
652 1624 663 1656 1,
677 1634 691 1657 1,
704 1635 720 1666 p.
734 1624 774 1655 ι2111.

85 1680 125 1712 Non
140 1681 214 1713 multum
230 1681 303 1713 dissidet
317 1682 411 1723 Hugius,
427 1682 456 1723 qui
472 1691 487 1714 a.
500 1681 527 1713 36.
540 1680 615 1713 Paulum
628 1680 698 1713 Christo
710 1691 774 1713 nomen

44 1759 47 1767 .
87 1737 157 1770 dedisse
169 1742 229 1780 putet,
243 1737 377 1771 Schmidtius
390 1739 435 1771 adeo
447 1739 465 1770 in
475 1748 502 1771 an.
513 1739 541 1771 41.
555 1743 573 1770 et
585 1739 709 1772 deWettins
722 1739 775 1781 (Einl.

84 1795 111 1827 ins
124 1794 145 1827 N.
157 1795 179 1827 Τ.
191 1806 208 1837 p.
222 1795 268 1838 214.)
281 1796 299 1827 in
312 1806 339 1828 an.
353 1796 381 1841 38.
397 1796 585 1827 incidisseeontendit
600 1798 653 1827 istam
668 1796 718 1827 Pauli
735 1806 775 1828 eon·

85 1853 189 1884 versionem.

83 1940 87 1946 ⁴
130 1931 159 1976 76)
171 1932 183 1964 1.
196 1942 211 1965 o.
227 1943 244 1975 p.
257 1932 290 1965 232
303 1942 340 1975 sqq.
364 1932 386 1964 Ei
401 1932 504 1975 adstipulati
519 1937 560 1965 sunt
575 1934 669 1976 Hugius,
685 1932 775 1966 Riinoe·

84 1991 128 2022 lius
141 1990 169 2022 all.
193 1990 246 2022 Adde
258 1990 368 2022 Peersoni
380 1990 451 2022 Annali.
463 2001 479 2033 p,
494 1992 515 2022 21
528 2001 554 2032 sq.
567 1991 594 2023 ed.
607 1991 647 2023 Hal.

97 2093 101 2098 .
130 2069 264 2116 77),111111111
277 2070 338 2103 doetus
350 2071 368 2102 in
380 2080 397 2102 n.
411 2070 464 2103 theol.
477 2071 542 2104 Annal.
554 2083 571 2113 p.
585 2072 633 2104 ete:
647 2069 713 2114 „Wdre
726 2072 775 2105 seine

54 2149 70 2167 ι,
86 2128 148 2161 zweite
160 2116 212 2161 Reise
225 2132 271 2160 etna
282 2127 310 2160 fiir
323 2127 382 2160 diesen
395 2127 533 2171 Gesiohtspunkt
545 2139 590 2171 ganz
606 2130 739 2171 unhedeutend,
756 2140 775 2162 so

84 2185 137 2227 kurz,
154 2185 195 2218 dass
211 2186 236 2218 sie
251 2186 304 2218 kanni
321 2186 348 2218 ein
361 2185 466 2218 Aufenthalt
478 2187 496 2218 in
508 2186 575 2228 Jerns.‚
588 2197 616 2219 wo
630 2187 658 2219 die
670 2187 734 2229 Apost.
747 2187 776 2219 be-

84 2242 155 2275 findlieh
170 2252 238 2284 waren,
255 2253 277 2274 ru
292 2252 361 2274 nennen
376 2253 456 2284 genesen
473 2245 518 2276 eto.“
542 2244 602 2286 Adde,
620 2254 665 2286 quae
676 2255 693 2286 p.
706 2243 745 2277 354.
759 2250 776 2277 et

85 2309 111 2342 ap.
128 2299 220 2341 Huginm
235 2299 261 2341 ΙΙ,
276 2310 293 2342 p.
310 2299 349 2331 275.
364 2300 452 2342 leguntur.
478 2301 535 2333 Aliam
551 2302 669 2334 coniecturam
684 2303 776 2345 proposuit

85 2358 184 2390 Ammon.
196 2357 208 2389 1.
222 2367 236 2388 e.
249 2368 266 2399 p.
279 2356 328 2390 res:
347 2357 396 2399 „Die
409 2367 464 2399 genre
476 2360 553 2391 zweite
564 2358 617 2391 Reise
628 2359 680 2392 Pauli
693 2359 733 2392 Act.
747 2361 775 2402 11,

85 2416 112 2449 30.
132 2407 166 2456 12.
176 2414 203 2447 25.
220 2414 282 2446 beruht
298 2415 392 2447 entweder'
403 2415 434 2447 suf
448 2416 504 2448 einem
519 2416 657 2450 Missverstsnde
670 2417 700 2450 des
712 2414 776 2461 Lucas,

86 2461 116 2505 der
129 2472 173 2504 such
185 2476 234 2504 sonst
246 2472 288 2504 Aet.
302 2472 318 2513 9,
332 2472 411 2504 22-30.
424 2474 456 2505 mit
469 2472 507 2506 Gai.
521 2475 537 2514 1,
546 2463 631 2507 '15—21.
644 2476 662 2507 in
673 2475 776 2508 vielfaehem

85 2529 220 2573 Widerspruohe
233 2529 289 2570 steht;
302 2529 344 2561 oder
352 2529 418 2562 Paulus
431 2531 484 2562 reiste
496 2540 543 2563 zwar
555 2532 587 2563 mit
595 2531 688 2570 Barnabas
701 2534 776 2566 11111111-

86 2587 170 2628 tioehien,
186 2587 246 2619 wurde
263 2587 304 2619 aber
319 2587 420 2619 verhindert
435 2577 532 2620 Jerussilem
548 2599 570 2620 zu
583 2590 680 2632 erreiohen,
697 2591 742 2622 blieb
754 2600 776 2622 zu

85 2645 143 2687 Tyrus
152 2644 199 2682 >oder
212 2644 308 2686 Caesares,
321 2645 347 2676 bis
360 2644 390 2676 ihn
398 2644 489 2677 Barnabas
505 2646 542 2678 nnd
554 2647 623 2680 Marcus
636 2648 726 2688 abholten‚
739 2648 775 2678 und

85 2702 144 2743 bringt
160 2701 214 2733 daher
232 2702 279 2734 diese
294 2701 356 2743 Retse,
375 2702 415 2733 weil
431 2702 776 2746 1111111111111111111111111111111119111

85 2758 174 2791 vodendet
191 2759 262 2791 worden
281 2769 326 2802 war,
346 2759 380 2792 wie
398 2759 457 2802 billig,
474 2760 523 2794 nieht
541 2762 559 2794 in
578 2760 683 2804 Ansehhgf‘
709 2761 776 2794 Contra
