1723 3054
242 224 344 266 tunsio
362 226 474 265 LATINA.
501 225 609 265 CARIII.
643 237 660 282 Ἰ
743 224 771 268 33

79 331 138 384 rident
159 331 217 372 uiuet.
257 330 321 383 Atqui
344 329 384 381 legi
409 328 459 367 nihil
484 342 528 367 cum
545 330 599 382 lide,
625 329 661 368 sed
684 329 719 382 qui
741 328 771 369 bis

81 407 219 459 (praeceptis)
240 404 343 446 obsecutus
360 403 435 456 fecerit,
460 403 478 443 ir
495 397 602 458 bicorpor
620 418 650 445 eo.
680 400 772 442 Christus

81 492 119 518 nos
148 479 232 516 redemit
257 491 270 526 a
294 479 343 530 legis
372 490 454 529 poena,
483 472 552 529 utpc’te
580 479 623 529 ipse
648 491 686 528 pro
711 477 772 517 nobis

82 565 159 604 poenas
182 553 248 601 luens;
273 553 369 603 scripturn
392 554 454 591 enim:
475 565 563 605 poectum
586 552 632 599 lou,
659 553 772 606 quicunque

82 629 105 669 dc
127 628 219 681 poutibttlo
243 640 353 681 tttspcttsus
376 631 413 674 cst,
439 631 460 665 ut
481 626 575 678 gentibus
592 626 693 677 promissa
707 627 772 664 Abra·
841 648 844 652 -

82 689 142 740 hamo
158 701 244 740 felicitas
262 715 298 752 per
318 699 418 740 Christum
437 701 507 739 Jesum
527 701 638 752 continget,
663 713 702 751 quo
724 712 772 750 pro-

82 777 164 816 missum
183 766 276 826 spiritum
296 777 437 815 nanciscamur
451 788 492 833 per
506 775 572 813 fidem.
603 772 706 814 Carissimi
722 767 788 825 (poss.

82 851 179 900 pulei-iter
200 837 285 901 loquar)
307 850 385 889 tabulas
407 850 494 889 hominis
517 850 582 904 (lopo)
605 850 693 888 sancitas
712 862 771 888 nemo

83 925 135 963 solet
150 929 185 962 eut
199 924 315 963 rescindere
331 931 365 962 aut
379 924 533 975 superaddendo
550 937 684 974 eorrumpere.
707 925 773 963 Abra-

83 999 142 1037 hamo
159 1003 224 1037 autem
240 998 305 1037 factae
321 1004 367 1037 sunt
381 999 527 1048 promissiones
546 998 628 1050 eiusque
646 998 709 1049 preli:
732 1011 774 1036 non

78 1073 132 1112 'dicit
153 1073 245 1125 prolibus
255 1073 272 1125 ¹)
294 1079 389 1124 tanquam
409 1074 434 1111 de
452 1073 554 1123 pluribus,
578 1073 613 1112 sed
632 1082 731 1125 tanquam
749 1073 774 1111 de

84 1161 136 1185 uno:
149 1148 205 1201 proli
220 1153 277 1198 irrue,
295 1148 329 1199 qui
344 1153 374 1187 est
389 1146 487 1186 Christus.
517 1147 563 1186 Hoc
578 1153 643 1186 autem
660 1149 716 1195 dico,
732 1148 775 1186 foe·
807 1133 817 1137 ⁸

83 1222 119 1260 dus
135 1236 147 1259 a
162 1221 207 1260 Deo
223 1222 319 1261 sancitum
336 1223 362 1260 ad
377 1220 477 1261 Christum
496 1222 612 1276 (spectans)
629 1222 664 1260 lex
680 1223 720 1259 430
737 1235 773 1260 an·

83 1297 114 1335 nis
132 1301 179 1347 post
195 1296 238 1341 lata
257 1309 298 1334 non
318 1296 381 1344 tollit,
396 1296 553 1346 promissionem
568 1297 645 1334 irritam
660 1279 773 1335 reddendo.

83 1369 136 1409 Nam
152 1371 169 1409 si
185 1370 271 1421 exlege
287 1370 377 1422 (oritur)
396 1370 462 1418 salus,
483 1371 523 1409 iam
541 1383 583 1409 non
603 1370 774 1421 epromissione3

83 1446 137 1496 atqui
154 1446 268 1483 Abrahamo
288 1445 430 1495 promissionis
450 1445 469 1482 vi
489 1459 501 1483 a
516 1445 561 1483 Deo
578 1445 662 1496 contigit
676 1445 774 1500 (protis).

85 1518 187 1567 Quorsum
206 1519 267 1571 igitur
286 1518 333 1558 lex?
352 1523 481 1569 peecatorum
500 1519 564 1571 gratia
580 1520 663 1570 insuper
683 1520 774 1568 accessit,
839 1562 841 1564 ,

85 1606 149 1645 usque
168 1592 214 1631 dum
230 1593 319 1632 venisset
333 1593 412 1643 proles,
433 1593 465 1631 cui
480 1593 602 1643 promissum
617 1594 664 1641 init,
683 1593 725 1632 lata
740 1608 776 1645 per

86 1669 171 1720 angelos
189 1668 304 1718 interpretis
324 1681 369 1719 ope.
398 1667 501 1718 Interpres
520 1673 587 1706 autem
607 1681 647 1706 non
668 1673 698 1707 est
717 1670 776 1708 unius

85 1743 187 1795 (prout),
209 1742 266 1781 Deus
289 1746 412 1781 ver0.unus
436 1743 491 1793 (torto
510 1744 577 1796 potrus)
601 1748 636 1781 est
666 1744 723 1782 Itane
742 1744 776 1782 lex

85 1817 204 1856 adversatur
227 1817 332 1866 promissis
356 1817 441 1856 divinis?
471 1817 535 1855 Absit¹
566 1815 587 1855 Si
606 1818 660 1856 enim
678 1818 711 1856 lex
731 1819 777 1856 data

86 1897 150 1940 esset,
171 1905 221 1942 qnae
236 1890 352 1930 hominihus
368 1891 428 1929 vitam
443 1893 559 1941 praeberet,
579 1876 672 1942 profecto
689 1893 776 1944 exlege

84 1966 200 2017 (oriretur)
226 1966 323 2016 probitas.
360 1965 434 2005 Verum
460 1965 560 2004 conclusit
585 1966 684 2016 scriptura
710 1948 777 2005 omnia

84 2041 185 2092 peccatis,
207 2044 231 2081 ut
248 2040 356 2090 promissio
377 2039 490 2090 (promissa
507 2039 605 2092 felicitas)
624 2054 661 2091 per
679 2021 737 2079 fidem
755 2041 777 2080 in

84 2115 135 2154 Jesu
155 2113 202 2153 Chr.
223 2115 425 2167 contingeretfidem
442 2115 574 2162 habentibus.
608 2112 648 2153 Sed
670 2121 777 2167 antequam

84 2190 163 2229 veniret
183 2190 233 2228 fides
252 2190 357 2240 (doctrine
378 2189 402 2230 de
418 2190 470 2243 fide)
486 2189 524 2240 legi
541 2189 632 2229 obstricti
647 2191 777 2229 servabamur

84 2263 142 2312 fidei,
162 2277 213 2314 quae
231 2269 317 2302 uentura
337 2269 394 2303 esset.
427 2263 499 2314 ltaque
517 2264 551 2301 lex
564 2264 699 2316 'paedagogus
711 2258 777 2304 'nobis

87 2343 130 2376 erat
145 2350 208 2389 usque
224 2338 249 2375 ad
265 2336 377 2386 Christum,
393 2341 415 2374 ut
429 2350 466 2388 per
481 2338 541 2375 iidem
555 2340 696 2388 probaremur.
719 2339 778 2378 Post-

86 2426 145 2464 quam
166 2425 214 2451 vero
233 2412 287 2451 venit
305 2411 365 2460 fides,
389 2424 431 2449 non
451 2411 536 2462 amplius
554 2413 673 2466 paedagogo
693 2415 778 2453 subiecti

86 2500 160 2527 sumus.
187 2485 262 2527 Omnes
278 2486 330 2525 enim
347 2485 418 2536 (nocue)
433 2485 468 2524 filii
484 2485 524 2525 Dei
539 2488 586 2527 estis
601 2501 638 2539 per
653 2489 711 2527 fidem
727 2490 778 2528 Jesu

133 2722 148 2761 1)
162 2719 229 2758 cotum.
242 2697 263 2752 e.
276 2721 297 2753 n.
311 2721 341 2760 ro,
355 2713 394 2751 ica.
