1723 3054
317 237 507 278 ,1111111111
724 232 761 289 111
809 261 814 266 ,

38 366 40 369 ν
75 357 94 382 v.
111 346 212 395 1111111),
228 344 397 399 daboulopa'aooe
411 341 466 391 (Gal.
479 346 498 390 4,
511 344 549 393 3),
566 340 691 399 Christianos
707 338 765 392 υἱοὺς

50 470 54 477 .
75 418 112 460 τοῦ
127 418 180 462 {mod
198 416 288 465 (Gale,
305 420 342 465 6,),
359 417 484 472 ἕλευῇέρους
498 417 532 463 toi.
548 415 593 455 Gal.
605 420 627 462 4,
640 418 681 465 26)
698 424 764 456 vocet.

75 491 114 531 His
129 497 194 530 autem
211 493 277 531 verbis
293 493 385 531 omnibus
402 492 513 542 mosaicam
528 491 652 542 disciplinam
669 497 763 543 tanquam

75 568 147 608 rudem
162 572 182 605 et
196 567 348 622 imperfectam„
359 567 488 605 christianam
503 573 597 618 tanquam
612 567 729 608 nobiliorem
744 574 765 606 et

76 642 139 692 magis
147 641 260 695 perfectam
270 641 378 693 significari
387 646 453 692 patet:
469 642 504 679 sed
516 642 617 691 quaeritur
633 646 709 687 tamen,
725 656 764 693 qua

74 717 95 754 in
111 730 133 754 re
149 717 214 754 inesse
229 717 331 767 putaverit
340 715 362 753 P.
379 715 483 767 religionis
499 715 618 754 christianae
634 716 764 765 nobilitatem,

76 777 167 829 iudaicae
183 791 324 838 humilitatem,
341 797 360 828 et
375 790 423 841 qnid
439 790 474 836 sit,
490 773 544 840 quod
560 785 689 845 γράμματος
702 792 765 841 potis-

75 861 146 903 simum
163 871 182 903 et
196 862 319 920 πνεύματος
337 863 441 903 vocabulis
461 877 485 901 ea
504 864 530 900 in.
543 876 614 902 caussa
632 866 764 918 uteretur-³¹¹).

76 937 166 978 Scilicet:
181 940 197 978 si
212 940 258 991 quid
269 939 338 986 video,
358 941 375 988 1)
392 939 508 979 servitutem
523 938 632 988 appellavit
646 952 687 977 rem
703 940 766 978 iudai-

76 1028 129 1063 cam,
149 1014 203 1065 quod
223 1014 257 1053 lex
275 1014 365 1053 Mosaioa
385 1014 417 1065 (ut
436 1025 506 1052 omnes
524 1012 578 1064 leges
597 1012 677 1063 civiles)
690 1013 717 1065 512)
739 1015 766 1054 ita

76 1097 118 1127 erat
138 1095 267 1140 comparata,
287 1094 309 1127 ut
326 1088 410 1140 singulis
433 1088 529 1126 duntaxat
552 1088 656 1140 ἐντολαῖς,
677 1090 766 1129 adhibito

76 1177 189 1214 poenarum
212 1170 300 1216 terrore,
324 1164 416 1202 ‹ludaeos
434 1164 460 1201 ad
479 1164 558 1202 honesti
578 1164 664 1202 studium
684 1172 765 1217 cogeret
810 1212 812 1214 ι

76 1240 138 1290 magis
155 1252 212 1290 qnam
230 1239 340 1288 (voluntate
350 1238 439 1277 funditus
451 1240 563 1278 emendarat
581 1239 605 1277 ad
621 1239 714 1278 virtutem
729 1241 765 1278 lin-

76 1323 142 1365 geret3
157 1326 261 1352 servorum
278 1314 329 1351 enim
346 1318 385 1361 est,
401 1314 425 1351 ad
443 1313 510 1351 officia
524 1315 639 1364 peragenda
653 1315 671 1351 vi
687 1315 766 1363 adduci,

76 1390 101 1426 ab
116 1388 192 1439 iisqne,
213 1401 264 1439 quae
280 1401 320 1426 non
336 1388 430 1438 placeant
450 1388 510 1435 hero,
531 1394 581 1426 metu
601 1401 711 1438 poenarum
733 1391 766 1429 de-

75 1463 146 1500 terreri
155 1462 194 1514 ὃ3);
213 1468 283 1500 contra
301 1463 392 1501 homines
411 1462 513 1501 christiani
532 1463 638 1501 honestum
657 1472 767 1515 sequnntur

126 1640 154 1680 51)
166 1640 227 1672 Ieiuna
240 1643 266 1672 est
278 1639 343 1681 Koppii
355 1638 450 1684 disputatio
463 1639 485 1671 ad
498 1639 517 1680 3,
530 1640 546 1671 3.
560 1640 587 1672 26.

124 1732 151 1773 52)
165 1731 214 1770 Quae
226 1731 246 1763 P.
260 1732 281 1763 de
293 1731 332 1773 lege
344 1741 388 1763 mos.
401 1730 489 1773 disputat,
505 1741 526 1762 ea
538 1731 560 1763 ad
573 1742 642 1764 omnem
655 1733 720 1775 legem,
734 1744 768 1775 qua

77 1787 174 1821 honestatis
193 1788 271 1820 studium
289 1797 350 1830 regere
366 1788 452 1829 quispiam
469 1788 519 1828 velit,
538 1793 602 1820 natura
621 1799 652 1822 sua
670 1793 767 1831 pertinent3

78 1844 119 1886 quid
132 1845 178 1887 quod
191 1845 229 1887 ipsa
241 1845 268 1876 lex
280 1844 374 1885 naturalis,
392 1844 453 1876 animis
468 1845 553 1886 inscripta
565 1843 622 1886 (Rom.
636 1847 654 1887 2,
670 1847 713 1888 15),
732 1859 767 1881 uon

77 1912 147 1944 prorsus
164 1902 221 1944 aliena
237 1906 263 1934 est
279 1902 301 1934 ab
316 1902 349 1933 hac
366 1901 492 1944 disputatione3
511 1912 552 1934 nam
571 1904 587 1944 1)
603 1913 624 1934 ne
640 1904 683 1943 haec
698 1905 767 1945 quidem
820 1941 821 1945 ,

78 1964 138 2001 potest
150 1960 224 1991 salutem
237 1964 327 1991 aeternam
338 1958 438 1991 hominibus
449 1959 546 2001 impertire,
559 1965 652 2001 propterea
661 1961 708 2002 quod
716 1972 767 1995 nemo

77 2026 155 2058 unquam
168 2017 184 2048 ei
196 2017 230 2049 toti
242 2013 328 2048 satisfecit
340 2017 364 2058 (n.
375 2017 407 2057 1),
421 2017 438 2056 ’2)
452 2016 554 2058 obsequium
566 2017 606 2049 huic
618 2018 652 2060 legi
664 2020 768 2060 praestitum

77 2083 113 2106 non
126 2084 194 2117 semper
207 2075 263 2106 oritur
276 2085 285 2106 e
297 2074 402 2106 sanctissimi
414 2073 491 2105 numinis
507 2084 565 2106 amore
581 2085 601 2106 ac
613 2077 719 2119 reverentia,
736 2078 768 2110 sed

79 2141 205 2174 saepenumero
218 2141 227 2163 1
239 2141 335 2175 poenarum
348 2131 445 2163 diuinarum
461 2136 518 2173 metu,
535 2133 560 2164 ita
572 2136 592 2164 ut
604 2133 679 2165 hominis
692 2144 702 2166 a
715 2144 768 2168 sensu

79 2190 174 2223 christiano
193 2180 245 2222 alieni
259 2186 319 2223 *virtus
337 2190 365 2222 vix
383 2184 470 2233 πνεύματι
489 2194 519 2222 aut
539 2189 629 2237 ἐλευθερίᾳ
644 2191 697 2223 tribui
712 2194 769 2235 possit

78 2248 101 2288 (n.
115 2248 145 2289 2.),
169 2247 231 2289 Itaque
243 2248 287 2280 hene
301 2247 324 2279 de
336 2247 432 2280 Wct-tins
444 2247 456 2279 l.
469 2258 482 2278 c.
495 2259 512 2290 p.
526 2248 565 2280 295.
580 2250 617 2290 „ob
629 2248 648 2283 P.
663 2249 700 2282 blus
713 2261 768 2294 gegen

78 2304 109 2337 das
122 2315 166 2336 mos.
180 2304 244 2337 <tesca
262 2306 286 2337 als
303 2294 370 2337 solches
386 2304 470 2347 spreehe?
486 2304 563 2337 offenbar
576 2315 631 2348 gegen
642 2307 692 2350 jedes
705 2306 769 2342 Geseta

78 2362 115 2395 und
128 2372 183 2405 gagen
196 2363 229 2395 alle
243 2372 295 2405 opera
308 2362 415 2406 operata'im
428 2362 502 2405 groberu
515 2363 557 2394 oder
565 2363 714 2398 felnernSinne.⁴‘
733 2366 769 2400 Sed
818 2360 820 2370 ’

77 2431 94 2453 v.
107 2421 151 2463 iupr.
164 2420 249 2462 Knapp.
263 2419 324 2462 Progr.
335 2421 354 2452 in
367 2421 400 2452 loe.
414 2420 436 2452 ad
448 2419 497 2452 Rom.
511 2420 527 2461 7,
541 2421 568 2452 21Δ
581 2421 621 2455 Hal.
631 2423 680 2456 1802.
694 2425 710 2457 4.
724 2426 767 2469 (rep.

78 2477 150 2521 Scriptt.
162 2478 189 2520 H,
206 2478 239 2511 381
252 2479 299 2520 sqq.)
319 2478 364 2510 adde
383 2478 475 2511 Semler.
493 2478 511 2509 iu
529 2478 677 2522 Baumgarten
696 2484 769 2526 Ansleg.

77 2547 94 2578 p.
107 2536 140 2569 906
153 2539 200 2578 sqqi,
220 2534 315 2568 Cramer.
332 2536 442 2577 (Loesius)
458 2535 499 2568 bibl.
515 2535 578 2570 Theoi.
594 2537 616 2570 N.
633 2538 654 2573 T.
670 2551 689 2582 p:
700 2541 739 2574 129.
752 2546 769 2573 et

76 2594 176 2636 Mynster
187 2594 246 2626 kleine
257 2593 311 2625 theol.
325 2592 395 2625 Schriit.
412 2603 428 2635 p.
442 2592 465 2624 79
478 2603 515 2635 sqq.

124 2685 153 2726 53)
172 2684 279 2718 Theodoret.
292 2685 314 2717 ad
331 2685 351 2727 3,
366 2684 401 2717 lb:
420 2679 428 2720 5
444 2681 478 2730 γὰρ
494 2681 550 2731 νόμος
565 2683 597 2732 τήν
614 2682 658 2731 ἀρὰν
674 2693 709 2728 τοῖς
726 2684 768 2725 tinc-

79 2741 168 2786 κειμένοις
180 2738 259 2788 ἐπήγαγε
270 2740 295 2789 τῇ
309 2738 387 2787 111111λῇ
401 2739 559 2789 δεδιττόμενος
571 2743 607 2779 καὶ
618 2740 672 2789 πρὸς
683 2741 705 2781 τὸ
719 2747 769 2784 δέον
