1723 3054
128 217 142 261 a
335 214 555 255 PROLEGOMENA.
571 218 588 268 a.
600 220 618 253 a.

133 348 185 398 post
203 340 331 384 Galatarum
354 339 383 382 ad
405 355 468 384 sacra
490 340 609 383 christiana
631 339 747 382 transitum
767 337 788 380 h.
805 355 823 382 o.

133 429 184 479 post
198 420 293 477 primum
307 420 412 478 Apostoli
431 420 455 463 in
470 420 581 464 Galatiam
599 420 641 463 iter
656 420 760 477 scriptam
775 434 823 461 eam

134 517 182 545 esso
198 501 342 557 arbitrantur,
359 507 380 545 et
389 507 488 545 veterum
505 501 539 557 (ut
548 500 670 544 Marcionis
680 517 701 543 v.
711 499 829 558 Epiphan.

133 581 192 625 haer.
211 583 251 637 42,
270 582 301 638 9.)
324 582 454 624 auctoritate
474 587 495 624 et
509 581 582 624 verbis
597 597 618 623 v.
634 582 654 625 6.
670 579 724 627 odio
740 584 824 639 ταχέως

134 668 156 705 et
170 662 293 705 rationibus
312 662 407 718 deniquo
426 660 587 718 chronologicis
605 662 709 717 moti²1):
732 662 755 704 iu
769 667 824 704 tem-

133 758 187 799 pore
198 748 271 785 autom
281 742 404 785 accuratius
416 740 540 785 definiendo
551 741 642 785 mirifice
650 741 822 793 dissentirrnt‘22).

134 822 182 865 Alii
201 828 287 877 contra,
310 828 428 879 postquam
445 822 471 864 P.
492 826 564 866 ituram
583 822 642 879 apud
658 821 748 866 Galatas
765 836 824 864 com-

137 908 235 945 moratus
250 902 339 958 fuisset,
362 902 450 945 missam
466 902 654 960 hancepistolam
670 917 718 945 esse
734 907 824 945 couten-

136 982 198 1038 dunt,
213 988 238 1025 ut
248 982 452 1038 Hanleiniusffi),
468 982 822 1040 3101111524),Κορρίηεϊῡ),

115 1055 117 1058 Α
135 1062 314 1120 Mayerus²⁶)‚
332 1063 489 1120 Hugiusv),
508 1062 745 1119 Eiohhorniusw),
760 1062 824 1105 Ber-

182 1352 218 1403 21)
234 1353 281 1390 Alia
296 1353 348 1391 enim
364 1358 491 1403 argumenta,
508 1366 558 1403 quae
573 1351 705 1391 Michaelis
720 1351 823 1403 persequi-

139 1431 183 1474 tur,
198 1426 252 1464 levia
266 1427 374 1465 admodum
389 1432 436 1465 sunt
450 1441 468 1466 v.
483 1441 503 1478 p.
522 1430 574 1466 1195
591 1439 620 1477 sq.

180 1542 216 1591 22)
231 1540 360 1579 Michaelis
382 1541 435 1579 enim
456 1546 474 1579 et
492 1539 643 1580 Schmidtius
658 1540 743 1590 primum
759 1539 782 1577 P.
798 1541 824 1579 ad

138 1612 220 1653 Galatas
235 1615 273 1653 iter
288 1615 387 1665 reperisse
405 1614 443 1654 sibi
458 1615 550 1653 videntur
565 1617 610 1654 Act.
628 1618 664 1663 16,
683 1617 711 1661 6.,
727 1614 824 1653 Keilius

137 1702 186 1727 vero
203 1689 248 1727 Act.
267 1691 303 1736 14,
321 1692 338 1726 d.
354 1687 404 1726 lude
418 1690 439 1727 iu
455 1694 567 1739 temporum
584 1689 718 1740 descriptione
733 1702 824 1743 magnam

137 1763 194 1801 nasci
210 1763 283 1801 debere
298 1763 423 1811 varietatem,
439 1769 512 1813 sponte
527 1768 617 1814 apparet.

181 1878 216 1929 23)
231 1877 347 1929 Einleituug
360 1876 399 1916 HI.
414 1891 434 1928 p.
446 1880 494 1916 407.
510 1879 541 1916 ed.
558 1881 588 1925 2.,
603 1877 711 1917 Lehrbuoh
726 1878 761 1916 der
775 1877 824 1915 Ein-

136 1951 212 2002 leitung
226 1964 246 2000 p.
263 1953 311 1989 436.
801 1958 803 1962 '

181 2066 217 2116 24)
243 2063 381 2104 chronotaxis
406 2066 527 2116 scriptorum
552 2065 578 2104 D.
601 2064 666 2104 Pauli.
708 2064 825 2118 Flensburg.

139 2140 200 2177 1782.
217 2141 235 2177 8.
253 2153 273 2190 p.
292 2141 330 2178 135
347 2152 390 2190 sqq.

181 2255 216 2304 25)
231 2252 326 2305 Prolegg.
341 2268 360 2304 p.
380 2258 391 2291 S
407 2267 451 2305 sqq.

181 2368 216 2417 26)
232 2366 274 2405 Der
293 2368 351 2407 Brief
368 2382 394 2407 an
414 2370 446 2407 die
464 2367 548 2408 Galatcr
567 2374 604 2409 etc.
619 2367 720 2408 ubersetzt
734 2369 770 2406 mit
784 2370 826 2408 An-

137 2442 261 2492 merkungen
277 2456 296 2491 p,
315 2446 338 2480 11
355 2457 384 2494 sq.

182 2556 217 2606 27)
232 2555 285 2594 Einl.
301 2556 328 2595 Π.
343 2571 363 2607 p.
381 2559 427 2596 235.

180 2671 215 2721 28)
230 2670 311 2709 Einlcit.
326 2671 364 2709 III.
380 2685 398 2722 p.
416 2676 448 2713 85,
