1723 3054
111 225 152 267 174
356 224 500 265 EXCURSUS
516 226 551 264 ΙΙΙ.

109 330 239 367 demonstrari
256 335 351 380 nequeat,
371 330 418 379 quid
436 328 465 367 ilii
482 329 547 367 dicere
564 330 660 379 quibusve
676 327 695 367 S,
712 327 731 368 S.
747 329 797 367 locis

108 404 137 441 uti
153 403 262 444 debuerint.
294 401 351 441 Certe
367 404 406 441 hoc
422 405 438 441 si
455 416 480 441 ex
495 409 529 441 tua
544 405 642 455 sententia
656 404 753 450 metiaris,
770 404 798 441 f-

108 478 145 516 cile
161 479 238 528 poteris
254 491 278 516 eo
297 478 373 529 redigi,
393 484 414 515 ut
433 479 457 515 de
477 477 574 516 eiusmodi
593 478 651 516 etiam
670 479 720 517 locis
735 479 797 516 ambi-

110 565 158 603 gas,
175 553 208 603 qui
224 553 278 607 omni
298 552 412 602 suscipione
432 558 504 590 carent.
534 551 604 602 Itaque
624 552 661 590 nisi
679 553 760 591 codices
779 560 798 590 et

109 628 213 665 versiones
229 627 322 677 antiquae
337 627 399 665 iustas
415 626 551 664 dubitationes
565 626 665 674 inficiant,
687 626 747 665 nolim
763 640 798 677 pa-

107 707 159 739 trum
176 701 255 740 silentio
271 703 291 739 in
307 701 344 739 tali
363 713 434 740 caussa
453 701 527 751 aliquid
547 702 641 739 tribuere.
671 701 760 748 Deinde,
776 706 798 739 ut

110 777 224 826 speciosam
239 777 322 814 istarum
338 776 450 826 glossarum
466 776 562 826 originem
579 788 687 825 earumque
702 776 723 813 in
740 788 797 814 unam

109 851 229 888 sententiam
246 850 394 901 copulationem
413 849 534 896 declararet,
553 850 612 900 plura
627 851 755 901 excogitasse
769 851 798 888 ri·

110 926 167 963 detur
182 924 216 973 L.⁷
232 918 295 975 quae,
315 925 363 963 licet
378 925 456 975 singula
474 938 486 962 a
505 925 646 974 probabilitate
664 938 705 962 non
726 924 799 963 abhor-

109 1006 176 1047 reant,
191 1000 260 1037 iuncta
274 1005 340 1037 tamen
357 1011 464 1048 operosam
480 998 567 1036 reddunt
582 1000 723 1037 coniecturam.
749 998 799 1036 Tale

56 1067 57 1070 ¹
111 1080 177 1111 autem
192 1074 268 1124 ingenii
284 1086 366 1111 acuuren
383 1073 450 1110 malini
466 1080 486 1111 ut
501 1074 521 1110 in
537 1073 662 1123 explicandis
677 1086 735 1123 quarn
752 1086 798 1123 pro-

110 1149 222 1187 scribendis
238 1149 315 1195 verbis,
336 1148 360 1185 de
376 1147 450 1198 *quibus
470 1147 581 1198 quaeritur,
597 1148 703 1185 identidem
719 1148 799 1197 experi-

109 1229 163 1270 atur⁷
178 1224 195 1261 si
211 1223 264 1260 forte
280 1223 404 1270 inveniatur⁷
420 1236 461 1259 nou
477 1224 531 1272 quod
547 1212 573 1260 sit
583 1224 661 1260 veritati
676 1223 798 1272 proximum,

110 1298 145 1336 sed
161 1299 214 1348 quod
231 1310 306 1335 veruna.
