1723 3054
98 231 126 277 92
270 228 436 269 Annornrro
452 228 605 268 praemon.

100 334 172 374 Christi
192 339 262 385 gerant
279 347 303 372 ao
318 334 339 371 in
354 333 400 383 ipso
416 334 489 384 magis,
506 346 564 384 quam
580 334 600 370 in
616 346 637 372 se
653 333 705 382 ipsis'
717 345 785 370 oense-

100 414 167 456 antur,
183 408 228 446 add.
244 407 346 446 Luther.
364 409 387 446 ad
399 408 418 445 h.
429 408 442 445 l.
466 407 510 445 Vid.
527 408 552 445 de
567 408 606 446 hae
622 407 717 455 formula,
734 407 785 444 unde

99 483 178 530 neseio,
194 496 220 521 an
235 482 363 521 iudicandum
380 483 405 521 sit
420 481 477 520 etiam
493 482 543 519 illud
559 480 579 524 έν
589 482 673 540 Χριστῷ
687 482 734 532 (vid.
746 486 784 520 sta-

100 557 134 595 tim
150 571 168 595 v.
181 558 233 609 23),
250 557 342 608 copiose,
359 570 422 608 neque
439 561 505 594 tamen
520 557 568 595 satis
583 561 636 595 reete
653 557 785 607 disputantem

100 631 219 683 Deyling.
237 632 329 670 observa
345 644 394 671 saer.
405 630 443 678 ΠΙ,
459 644 478 681 p.
491 633 531 668 406
543 644 585 681 sqq.

158 735 182 772 V.
196 737 229 772 28.
253 735 282 776 ἔνι
297 733 350 784 (Οοί.
363 737 382 781 3,
396 736 436 785 11.)
451 734 464 771 i.
480 747 497 771 e.
513 747 554 771 non
570 734 654 783 amplius
670 739 699 774 est
713 734 734 773 α
749 719 787 780 iris,
814 726 816 730 ’

101 809 169 858 quiin
189 806 289 847 Christum
308 808 402 859 baptizati
421 814 466 846 sunt
486 815 521 846 oet.
541 822 559 846 v.
576 810 609 845 27.
640 796 745 848 Darunter
762 808 789 846 ist

100 883 147 920 kein
164 888 199 921 oet.
231 884 260 924 ἔνι
278 883 331 920 enirn
350 888 380 921 est
398 896 436 932 pro
457 883 477 924 ἐν
494 883 575 921 adverb.
591 895 610 934 u.
625 882 745 920 Valcken.
762 883 788 919 ad

104 955 172 995 [Cor.
191 960 209 1004 3,
221 960 240 996 5.
256 962 275 994 et
291 955 401 995 Grammat.
417 957 443 995 N.
459 957 482 995 T.
499 970 518 1007 p.
536 960 568 995 74.
585 957 635 1007 (non
651 962 746 995 oontraot.
763 961 789 994 ex

102 1032 187 1083 ἔνεστι),
217 1032 263 1069 Hoo
282 1031 330 1070 dicit
348 1030 381 1069 R:
403 1031 428 1069 in
447 1031 489 1077 his',
511 1031 545 1081 qui
564 1029 644 1068 Christo
667 1044 710 1070 sese
733 1031 788 1069 addi-

101 1112 187 1153 xerunt,
210 1105 286 1143 nullum
302 1110 332 1143 est
350 1105 439 1155 amplius
453 1106 507 1143 istud
525 1105 641 1151 discrimen,
664 1105 719 1155 quod
736 1106 788 1143 inter

68 1168 69 1176 ἵ
102 1181 192 1219 homines
212 1180 246 1218 vel
264 1184 336 1217 natura
354 1179 402 1217 fecit
421 1179 452 1217 rel
475 1179 630 1229 uniuscuiusque
652 1191 707 1227 sors,
731 1179 789 1217 unice

102 1255 170 1292 omnia
184 1254 269 1292 redeunt
283 1255 308 1292 ad
325 1254 400 1305 πίστιν,
417 1254 442 1291 cf.
457 1253 516 1291 Rom.
530 1255 610 1300 10,12.
629 1252 698 1291 lOor.
712 1257 743 1301 12,
757 1257 788 1292 13.

102 1328 145 1366 Col.
159 1330 181 1375 3,
201 1331 232 1365 11.
248 1350 277 1356 —
293 1323 323 1377 εἷς
339 1329 389 1370 ἐστέ
403 1340 455 1368 onas
472 1328 528 1378 quasi
543 1328 598 1367 horno
615 1327 789 1378 (Ephes.2,15.;

102 1403 245 1452 TheophyI.
266 1402 306 1457 μιά
325 1403 445 1456 συγγένεια,
465 1401 505 1456 μία
524 1401 584 1453 ἰδέα)
603 1403 650 1442 estis
665 1407 723 1453 atque
739 1403 789 1441 adeo

104 1477 148 1526 pari
165 1489 234 1515 omnes
253 1476 316 1527 gratia
335 1489 368 1527 ap.
384 1476 450 1514 Deum
466 1475 543 1514 utimini
563 1476 718 1527 eorundemque·
731 1477 791 1515 hene-

103 1551 195 1588 fieiorum
210 1551 320 1600 participes
336 1551 389 1589 estis.
405 1573 431 1579 —
447 1551 472 1589 V.
484 1553 517 1588 23.
533 1566 551 1593 τ,
562 1551 618 1605 'App
630 1562 663 1592 σα.
674 1552 720 1589 estis
732 1552 790 1589 etiam

106 1628 210 1675 (tanquam
221 1622 358 1675 πιστεύοντες
368 1639 386 1665 v,
399 1625 425 1666 7.)
442 1637 468 1662 ex
481 1625 569 1674 posteris
580 1625 639 1671 Aba,
657 1626 728 1675 quibus
742 1638 791 1676 pro-

104 1699 165 1738 missa
180 1704 210 1738 est
226 1704 308 1736 aeterna
322 1699 413 1737 felicitas.
430 1722 456 1727 -
472 1695 521 1741 κατ’
541 1699 572 1741 έπ.
588 1712 606 1738 r.
620 1701 630 1736 8
642 1711 685 1750 sqq.
726 1722 732 1731 s

160 1819 184 1857 V.
204 1822 220 1857 1.
251 1819 304 1873 λέγω
329 1818 351 1861 δὲ
374 1806 432 1857 nerrav
450 1823 496 1863 sunt
517 1832 529 1856 a
547 1832 590 1857 voo.
611 1822 690 1874 κληρον.
709 1822 731 1867 3,
749 1823 789 1869 29,

104 1892 150 1932 hine
168 1893 199 1941 fit,
219 1899 240 1931 ut
255 1894 347 1932 desinant
363 1894 421 1931 etiam
436 1892 456 1930 in
472 1906 491 1930 v.
507 1895 588 1951 νληρον,
605 1907 623 1931 v.
641 1896 659 1931 7.
690 1892 735 1933 Soil.
751 1895 790 1949 iam

104 1969 183 2019 quidem
203 1980 244 2005 non
264 1968 288 2006 de
307 1968 351 2019 iege
370 1980 432 2016 mos,
457 1968 530 2019 quippe
553 1968 574 2006 in
597 1973 715 2019 perpetuum
737 1969 791 2008 haud
834 1952 837 1955 Δ

104 2042 200 2089 valitura,
219 2043 254 2080 sed
270 2043 295 2080 de
310 2055 390 2090 eornm,
407 2042 440 2092 qui
455 2056 508 2081 nune
523 2039 650 2098 κληρονόμοι
666 2048 724 2093 atque
739 2044 789 2081 adeo

105 2114 146 2167 υἱοὶ
164 2116 201 2159 τοῦ
221 2116 273 2160 {tend
293 2122 349 2164 sunt,
369 2116 455 2166 pristina
472 2117 587 2155 conditione
607 2117 695 2166 disputat
710 2116 791 2156 Paulus.

104 2192 185 2247 χληρον.
205 2190 257 2229 filius
275 2190 364 2228 hominis
384 2190 501 2241 (opulenti),
526 2192 558 2241 qui
581 2191 603 2228 in
625 2196 719 2241 paternas
742 2205 791 2242 opes

104 2277 233 2304 successurus
255 2270 289 2304 est.
322 2260 369 2321 νήπ,
390 2260 483 2303 'nondum
504 2265 592 2314 aduitus,
615 2266 706 2316 impubes
729 2265 789 2319 Dion.

104 2339 149 2377 Hal.
165 2343 183 2377 4.
199 2353 219 2390 p.
236 2342 283 2378 237.
300 2365 325 2369 -«
343 2339 425 2396 διαφέρ.
442 2336 496 2383 dodi.
512 2353 555 2379 non
571 2345 600 2379 est
616 2341 678 2391 magis
695 2342 726 2379 sni
740 2341 789 2380 iuris

106 2419 165 2465 atque
181 2414 269 2463 arbitrii,
285 2427 343 2465 qnam
360 2427 441 2462 servus3
463 2416 632 2466 quemadmodum
647 2415 680 2453 hio
695 2416 748 2462 heri,
763 2416 791 2454 ita

103 2490 138 2529 ille
153 2489 242 2541 magistri
258 2489 343 2539 imperio
360 2491 433 2528 subest.
456 2488 487 2527 (tf.
501 2489 569 2528 Liban.
580 2490 601 2527 in
612 2487 679 2541 Chriis
689 2502 708 2539 p.
722 2492 754 2527 ii.
765 2489 790 2529 D.

105 2565 172 2616 (quem
187 2565 225 2603 loc.
238 2564 306 2625 ⁸attulit
317 2564 453 2616 wetstenp
469 2560 484 2607 d
499 2564 539 2607 τῶν
556 2563 660 2607 δεσποτῶν
676 2560 727 2619 πρὶς
742 2561 792 2615 τοὺς

105 2639 202 2691 οἰκέτας,
218 2639 289 2681 ταῦτα
303 2639 344 2681 τῶν
360 2638 420 2682 υἱέων
433 2625 481 2689 ’τοῖς
495 2639 610 2696 ἐφεστῶσιν
622 2634 713 2689 ἀξιοῦσιν
725 2634 791 2694 ὓπαρ-

104 2730 153 2771 νειν.
180 2714 231 2753 Add.
244 2711 280 2752 Sir.
294 2716 327 2760 30,
340 2716 370 2751 10.
387 2737 415 2742 --
431 2710 476 2769 κύρ,
492 2711 554 2758 πάντ,
571 2725 684 2764 quanquam
699 2715 792 2752 dominus
