1723 3054
88 246 128 289 156
340 246 485 286 EXOURSUS
496 243 525 284 ll.

87 351 166 390 Deinde
182 364 230 388 vero
253 352 274 402 2)
290 349 373 390 Galatas
392 352 449 401 ipsos
465 352 489 389 ad
506 351 605 390 decretum
621 352 695 391 hieros,
711 352 776 390 reiici-

88 427 133 464 eudi
149 439 214 477 neque
230 427 338 465 necessitas
354 427 395 465 ulla
409 427 458 475 fuit,
474 439 518 465 cum
530 427 549 464 in
562 426 632 478 vulgus
643 427 695 466 istud
707 433 775 465 uotum

87 508 139 541 esset
154 502 198 539 Act.
213 503 244 548 16,
256 504 285 548 4.,
301 514 338 540 nee
349 515 373 539 ea
383 516 405 540 re
416 501 491 552 aliquid
502 502 602 552 proficere
611 501 677 552 potuit
688 502 777 552 Aposto-

87 577 118 615 lus
137 584 255 627 propterea,
278 577 331 627 quod
352 574 434 615 Galatas
453 576 503 626 illud
523 577 624 615 decretum
644 564 694 614 nihil
711 577 776 615 adhuc

88 663 168 690 curasse
190 659 297 702 appareret
340 651 409 689 Maluit
432 651 492 702 igitur
515 652 540 689 ad
564 650 652 688 divinam
675 652 776 689 doctrinae

87 739 136 765 suae
151 727 289 764 auctoritatem
304 739 419 777 prouocare
438 727 458 763 in
479 739 502 764 eo
521 725 647 776 potissimum
666 725 724 773 loco,
744 726 777 764 ubi
815 737 817 739 ’

88 801 204 852 dignitatem
220 813 276 839 suam
291 808 355 851 apost.
374 800 587 851 defendeieimpense
602 784 687 838 laborat.
714 803 777 838 Acce-

88 876 125 923 dit,
141 875 225 913 Paulum
242 876 261 912 in
278 876 322 914 aliis
339 889 418 927 quoque
439 875 529 926 epistolis
549 875 612 913 serius
631 875 729 925 scriptis.»
744 876 777 913 ubi

89 951 171 988 eandem
190 963 233 989 rem
252 950 315 1002 tangit
334 951 368 1000 (ut
386 955 393 987 1
412 948 457 988 Cor.
475 965 489 989 c.
508 953 525 988 8,
543 957 561 988 et
578 951 616 1001 a),
639 962 680 987 non
703 963 776 1000 provo-

89 1038 135 1063 care
151 1025 180 1075 ad¹
193 1026 293 1064 decretum
309 1026 362 1063 istud
378 1025 579 1076 hierosolymitanum
589 1024 623 1075 ⁸¹).

146 1097 185 1138 Sed
200 1099 301 1150 pergimus
317 1100 341 1136 ad
358 1100 439 1140 tertium
454 1107 603 1151 argumentum,
620 1099 673 1150 quod
690 1112 702 1136 a
716 1099 778 1137 Kei-

88 1175 124 1213 lio
144 1175 270 1224 potissimum
291 1180 411 1213 exornatum
430 1173 533 1224 videon).
564 1173 619 1211 Dicit
633 1173 677 1221 il1e‚
693 1173 777 1212 Paulum

88 1249 213 1300 apostolum,
236 1254 319 1299 peracto
340 1248 426 1288 concilio
445 1249 529 1296 hieros,
547 1249 608 1300 longe
627 1248 737 1287 faciliorem
754 1262 778 1287 ac

88 1325 186 1363 leuiorem
201 1337 248 1375 erga
263 1324 354 1362 Judaeos
369 1324 431 1361 fuisse
452 1323 574 1374 multumque
592 1336 604 1361 a
621 1323 707 1374 pristina
722 1337 777 1363 seve·

46 1413 48 1416 ’
88 1400 144 1437 ritate
159 1400 261 1438 remisisse
277 1413 292 1437 v.
310 1400 353 1437 Act.
373 1401 405 1445 16,
422 1400 439 1436 3.
457 1397 502 1436 coll.
514 1396 559 1436 Gal.
572 1401 591 1446 6,
603 1401 621 1436 2.
640 1396 707 1436 lOor.
720 1402 739 1447 9,
751 1401 777 1436 20

88 1487 131 1525 sqq.
156 1475 199 1511 Act.
217 1477 251 1520 21,
269 1476 294 1511 20
311 1485 353 1524 sqq.
374 1473 419 1512 coll.
436 1471 481 1511 Gal.
498 1476 517 1521 2,
537 1477 566 1510 14.
597 1472 635 1511 Sed
652 1486 677 1511 ex
691 1486 777 1525 perpau-

90 1550 127 1596 cis,
144 1561 194 1598 quae
210 1548 304 1597 subiecit,
322 1548 373 1587 loeis
393 1548 441 1586 nihil
460 1548 550 1598 sequitur
568 1548 605 1586 nisi
625 1549 673 1595 hoc,
692 1547 777 1587 Paulum

89 1637 112 1661 ea
127 1625 148 1661 iu
164 1636 236 1662 caussa
251 1623 290 1662 sibi
306 1636 346 1661 non
363 1636 446 1673 prorsus
457 1622 581 1677 constitisse,⁴
597 1624 650 1673 quod
666 1623 719 1661 haud
735 1623 777 1662 scio

89 1711 157 1736 annon
173 1698 193 1735 in
209 1698 269 1736 laude
285 1698 397 1735 ducendum
413 1698 444 1735 sit.
467 1698 555 1744 Etenim,
571 1680 604 1735 ubi
617 1698 646 1735 rei
658 1698 779 1736 christianae

55 1798 57 1800 -
90 1772 166 1824 aliquid
186 1772 274 1810 utilitatis
293 1772 339 1810 insle
361 1771 417 1811 nasci
436 1772 552 1827 videbatur,
576 1772 636 1810 cessit
655 1777 723 1824 sponte
739 1773 779 1811 im·

91 1846 194 1885 becillibus
210 1847 324 1885 hominibus
341 1847 412 1885 rituum
423 1846 558 1886 mosaicorum
570 1847 639 1885 amicis
651 1847 702 1897 (Aet.
716 1851 748 1895 16,
760 1848 777 1885 3.

91 1924 128 1969 21,
145 1924 171 1958 26
188 1920 250 1972 sqq.];
273 1922 319 1969 sed,
337 1922 371 1960 ubi
390 1934 481 1973 magnam
501 1921 618 1972 discipliuae
633 1921 723 1960 iudaicae
739 1922 778 1960 vim

89 1989 159 2043 tribui,
172 1996 387 2047 'circumcisionemque
405 2002 424 2034 ut
440 2009 481 2034 rem
496 1997 627 2036 necessariam
639 2010 650 2035 a
661 1997 778 2041 doctoribus

89 2249 235 2289 reprehendisset,
249 2257 284 2281 cum
298 2250 381 2281 [lauretum
395 2248 464 2280 nataae
476 2248 551 2281 11111111
562 2248 619 2291 quant
628 2250 668 2288 tec,
682 2258 712 2290 quo
721 2249 778 2282 rtatim

89 2310 139 2348 utque
152 2306 250 2339 arelauno
263 2315 298 2338 cum
312 2306 389 2347 aestuare
400 2305 483 2345 potuisset
497 2305 531 2347 (11,
545 2307 565 2339 ct
574 2307 631 2339 ouum
639 2306 733 2346 eleuauit?
744 2303 779 2338 Sed

88 2363 128 2395 inde
147 2363 229 2404 colligere
246 2367 319 2404 possunt
336 2362 420 2402 lectorem
441 2372 475 2403 qua
490 2362 519 2393 ille
531 2363 549 2394 in
561 2362 658 2396 refutandis
671 2364 779 2405 argumentis

88 2422 131 2453 meis
144 2420 241 2452 subtilitate
254 2430 294 2452 usus
307 2420 364 2451 fuerit.

136 2500 164 2542 at)
177 2501 206 2541 Id,
220 2500 290 2541 opinor,
304 2502 321 2532 in
334 2504 392 2532 mente
405 2499 466 2531 habuit
478 2500 578 2542 Mayerus
591 2500 615 2543 (p⁴
625 2502 651 2533 13.
664 2500 742 2542 Eiuloit.)
755 2501 780 2533 ita

89 2558 174 2590 scribens:
194 2568 245 2599 „ron
258 2557 296 2590 Gal.
311 2559 329 2598 1,
343 2559 369 2589 12,
384 2567 405 2589 un
420 2557 451 2589 hat
467 2558 514 2589 scine
530 2558 578 2590 Reae
594 2559 632 2591 eine
645 2558 739 2601 Wenduug
752 2569 780 2600 ge-

90 2625 180 2656 nommen,
193 2616 221 2647 bei
234 2615 264 2646 der
277 2625 295 2647 er
308 2614 344 2647 sich
357 2616 380 2647 im
394 2617 409 2647 2.
420 2614 461 2657 Cap.
476 2615 525 2647 nicht
537 2616 583 2649 wohl
596 2616 627 2648 auf
638 2617 669 2649 das
682 2616 779 2648 Concilium

90 2674 124 2705 und
138 2673 199 2705 dassen
213 2672 284 2706 Schluss
297 2672 367 2704 heruteu
380 2673 465 2704 11011111,ιι

135 2753 163 2794 82]
176 2754 255 2786 Analeet.
268 2753 300 2795 Ill,
314 2753 329 2785 2.
343 2764 359 2795 p.
373 2753 395 2785 64
408 2762 432 2793 sq.
