1723 3054
97 216 125 267 22
166 276 170 281 ,
300 219 518 262 Paouasounun.
535 224 552 274 p.
564 227 582 262 4.

99 349 188 406 soripsit
206 349 229 390 in
247 346 276 389 N.
292 347 352 390 Test.
369 354 391 390 et
405 346 472 404 haee,
498 362 555 404 quae
570 346 668 404 scripsit,
694 361 721 388 ex
736 344 787 388 Ori-

98 430 160 487 genis
183 427 245 470 libris
266 427 312 471 fere
334 429 408 471 omnia
428 428 506 471 sumsit
527 433 594 484 atque
612 427 703 470 aliorum
717 426 788 484 magis

99 512 218 553 sententias
234 515 332 565 enarrat,
352 525 429 567 quam,
448 508 502 566 quid
517 508 559 552 sibi
574 507 685 565 videatur,
709 507 788 566 aperit3

98 590 168 633 inulta
191 590 256 634 etiam
279 606 290 633 e
312 590 407 648 mystico
430 606 509 649 genere
531 589 672 647 interposuit,
697 604 739 633 nea
760 588 788 632 ab

99 671 215 715 haereticis
238 671 318 728 cupide
340 671 462 715 refutandis
485 671 586 715 abstinet.
630 669 789 713 Verumtamen

101 763 190 795 sensum
218 752 335 795 verborum
362 752 475 810 proprium
499 752 581 809 passim
606 751 662 794 bene
687 749 789 807 explieat,

101 832 188 875 oritioas
205 831 369 876 observationes
385 833 437 875 satis
453 832 544 875 idoneas
560 831 646 887 adiioit,
661 837 682 874 et
691 830 790 887 liberius,

100 929 165 970 quam
182 913 224 956 ista
239 919 299 957 aetas
314 913 410 971 ferebat,
426 913 557 971 iudieat47).
573 913 663 957 Praeter
678 911 790 970 Hierony-

101 1009 161 1036 mum
183 994 311 1037 nominaudi
334 1001 386 1038 sunt
400 996 571 1053 Augustinus
595 993 752 1051 (354—430.)
768 1000 791 1036 et

101 1068 305 1118 Ambrosiaster
335 1076 414 1131 (quem
439 1075 583 1130 Hilarium,
614 1074 731 1117 diaconum
755 1088 791 1116 ro·-

19 1203 26 1207 ⁷
101 1169 201 1210 manum,
228 1169 276 1198 esse
301 1154 399 1212 dieunt),
425 1156 464 1212 qui
486 1154 611 1214 dogmatice
633 1153 703 1212 magis
725 1162 791 1211 quam

102 1235 244 1293 grammatiee
261 1235 464 1294 interpretationem
479 1247 567 1281 nostrae
582 1235 688 1294 epistolae
701 1235 792 1279 latinam

103 1316 235 1374 (vulgatam)
251 1317 415 1374 explicuerunt,
435 1333 461 1360 ao
475 1323 562 1376 turpem
577 1317 688 1360 literarum
703 1331 792 1373 graeca-

102 1412 151 1447 rum
162 1395 272 1439 inscitiam
279 1397 362 1453 passim
374 1396 559 1453 prodiderunt⁴⁸].
584 1397 686 1454 Pelagii
697 1396 791 1452 denique

102 1482 167 1519 notae
182 1476 260 1520 breves
276 1482 338 1533 sunt,
357 1476 396 1521 sed
412 1477 482 1521 bonae
497 1477 616 1521 admodum
631 1476 711 1535 frugis,
733 1476 791 1520 unde

104 1558 145 1601 viri
159 1553 273 1616 ingenium
288 1558 349 1602 baud
364 1560 454 1617 vulgare
469 1575 576 1616 agnoscas
587 1560 626 1615 49).

80 1796 83 1799 .
149 1815 185 1867 47)
201 1812 235 1853 Sio
245 1814 348 1854 existimat
357 1810 533 1854 Rosenniiiller
542 1812 579 1852 ΠΙ.
590 1827 610 1864 p.
623 1815 662 1852 352
674 1827 703 1866 sq.
719 1813 793 1855 Habes.

105 1892 159 1930 hune
181 1890 267 1929 Hieron.
284 1891 447 1930 commentarium
472 1889 493 1927 in
511 1887 563 1941 Opp.
579 1890 610 1928 ed.
631 1889 795 1930 Tribbeohov
848 1927 851 1931 .

104 1965 163 2004 Tom.
178 1965 215 2002 IX.
231 1979 250 2015 p.
267 1968 308 2003 280
318 1988 343 1993 —
353 1968 401 2005 288.

149 2068 186 2119 48)
202 2067 233 2105 De
249 2067 362 2118 Augustino
378 2068 402 2105 of.
418 2064 596 2106 Rosenmiiller
611 2066 648 2104 III.
663 2080 682 2118 p⁴
700 2070 740 2106 453
751 2080 794 2120 sqq.

106 2144 191 2183 Morus
213 2156 226 2194 p
255 2145 295 2182 266
313 2157 367 2195 sqq,
387 2143 412 2182 de
427 2142 593 2182 Ambrosiast.
619 2141 796 2183 Rosenmiiller

104 2220 144 2259 III.
160 2233 178 2270 p.
196 2222 235 2258 589
252 2232 296 2271 sqq.
326 2220 412 2258 Morus
428 2233 448 2269 p.
461 2221 500 2256 262
517 2232 545 2269 sq.
575 2218 631 2258 Illius
648 2220 795 2270 expositionem

107 2296 203 2345 epistolae
219 2295 245 2332 ad
260 2293 305 2333 Gal.
322 2308 334 2332 v
355 2296 376 2333 in
393 2293 445 2345 Opp.
463 2294 492 2332 ed.
508 2294 580 2332 Erasm
601 2294 636 2334 IV.
652 2308 671 2345 p.
691 2298 796 2346 1‘210'sqq.

107 2370 137 2407 ed.
153 2368 228 2407 Bened.
244 2369 280 2407 HI.
296 2383 315 2419 p.
332 2372 371 2407 686
385 2392 411 2397 -
421 2371 479 2416 711,,
495 2370 553 2407 huius
570 2375 697 2408 commentar.
714 2370 735 2407 in
746 2370 795 2407 Am-

107 2444 170 2484 brosii
185 2442 237 2496 opp.
255 2444 285 2483 ed.
301 2444 356 2485 Basil
378 2445 436 2486 Tom.
453 2445 477 2483 V.
493 2458 512 2496 p,
529 2445 569 2483 319
582 2469 604 2473 —
616 2446 662 2493 339.

154 2551 188 2599 49]
205 2549 282 2601 Pelagii
299 2550 351 2588 enim
367 2563 421 2599 esse,
445 2551 478 2602 qui
494 2550 614 2601 Hieronymi
630 2549 725 2600 operibus
741 2551 797 2590 addi·

107 2632 138 2664 tus
161 2632 191 2664 est
215 2626 269 2675 (edit.
286 2625 377 2663 Martiam
397 2626 454 2664 Turn.
476 2626 511 2670 V.,
536 2624 611 2663 Valles.
632 2624 690 2662 Tom.
711 2624 757 2677 XI.)
776 2627 797 2664 in

107 2700 202 2749 epistolas
227 2699 283 2739 Paul.
301 2700 466 2739 commentarium
489 2699 622 2750 probabiliter
649 2699 799 2740 demonstravit
