1723 3054
62 215 90 260 at
231 215 330 256 vnasro
346 193 459 256 utrina
484 215 544 256 cna
559 218 584 255 v.
638 257 640 259 ,

360 403 414 462 Cap.
430 405 458 448 V.
498 378 502 383 -

121 546 144 582 ln
160 557 184 582 ea
199 544 269 595 igitur,
288 545 307 581 in
324 557 382 595 quam
398 557 435 583 vos
451 542 541 583 Christus
557 545 676 593 vindicavit,
694 544 754 583 liber-

63 625 103 658 tate
117 618 227 670 persistite,
243 632 279 657 nec
296 619 361 657 denuo
378 619 446 657 servili
462 620 509 669 iugo
523 631 561 657 vos
577 618 675 669 implicari
691 619 754 669 patia-

35 725 40 729 ,
65 694 118 731 mini.
150 693 181 730 En
198 705 234 743 ego
250 692 328 731 Paulus·
343 693 388 731 dico
409 694 478 740 vobis,
499 693 516 731 si
538 692 651 731 circumcisi
669 693 754 740 fueritis,

66 768 116 805 nibil
127 780 163 806 vos
176 767 251 805 iuvabit
262 766 360 805 Christus.
383 767 484 805 Profiteor
499 772 564 805 antem
580 767 659 814 denuo,
675 780 754 805 omnem

64 842 167 879 hominem
188 840 326 879 circumcisum
345 842 459 879 universam
480 841 546 892 legem
569 854 651 880 servare
674 841 755 879 debere.

64 915 171 955 Defecistis
187 928 199 952 a
214 912 304 963 Christo,
325 915 439 966 quicunque
454 916 498 966 lege
514 916 574 966 (Dec)
589 916 672 970 probari
687 915 757 962 vultis,

65 991 130 1042 gratia
145 989 255 1027 excidistis.
284 987 328 1028 Nos
344 990 396 1026 enim
412 990 484 1039 spiritu
499 1003 535 1040 per
550 989 610 1027 fidem
626 1002 682 1038 spem
698 989 755 1027 favo-

65 1066 93 1103 ris
113 1065 176 1105 ctvtat
193 1069 338 1113 exspectamus.
369 1063 433 1102 Penes
443 1062 549 1112 *Christum
569 1063 622 1101 enim
637 1064 688 1101 nihil
703 1063 757 1101 valet

67 1138 193 1176 circumcisio
204 1143 238 1175 aut
247 1139 384 1188 praeputium,
400 1138 435 1186 sed
449 1139 509 1186 fides,
525 1151 575 1189 quae
586 1150 675 1175 amorem
686 1138 754 1188 gignit.

67 1211 181 1251 Currebatis
196 1214 258 1259 bene,
279 1213 323 1262 quis
339 1224 376 1250 vos
391 1212 487 1259 inhibuit,
504 1212 610 1263 quominus
625 1212 704 1249 veritati
720 1213 756 1250 ob·
786 1236 789 1238 v

66 1286 213 1338 sequeremini?
236 1285 342 1325 Persuasio
358 1292 426 1325 vestra
440 1300 482 1324 non
498 1292 542 1325 erat
556 1286 666 1341 (prosecta)
682 1287 707 1324 ab
724 1300 756 1335 eo,

67 1363 100 1413 qui
120 1373 155 1399 vos
173 1361 260 1399 vocavit.
295 1360 399 1398 Paululum
419 1360 510 1400 fermenti
528 1366 590 1399 totam
608 1359 694 1400 massam
718 1361 757 1398 fer-

66 1441 146 1474 mentat.
170 1435 269 1486 Equidem
285 1435 309 1472 de
324 1435 382 1473 vobis
399 1436 480 1473 domino
498 1436 589 1483 confido,
608 1436 662 1484 fore,
678 1441 757 1474 utnon
802 1457 804 1460 ·

68 1523 125 1549 secus
141 1509 237 1548 sentiatis.
261 1508 337 1547 Verum
354 1510 403 1557 iste,
420 1510 501 1560 quivos
518 1510 654 1557 conturbavit,
670 1523 757 1561 poenam

67 1597 123 1623 snam
138 1584 188 1631 luet,
205 1583 294 1634 quisquis
306 1589 341 1622 est.
363 1583 408 1635 Ego
425 1588 501 1632 antem,
518 1584 624 1632 carissimi,
641 1585 658 1623 si
673 1584 757 1623 circum-

68 1659 165 1707 cisionem
186 1659 251 1696 adbuc
271 1659 400 1706 commendo,
424 1660 471 1709 quid
490 1659 598 1697 etiamnum
618 1659 696 1697 vexor?
725 1659 757 1697 Ita

68 1747 119 1784 quae
134 1735 155 1771 in
171 1746 230 1771 cruce
246 1739 276 1771 est
291 1733 377 1771 offensio
393 1733 472 1772 sublata
488 1739 546 1772 esset.
572 1733 655 1772 Utinam
671 1734 705 1784 qui
720 1747 758 1772 vos

68 1808 186 1855 sollicitant,
210 1808 268 1845 etiam
288 1813 411 1846 exsecentur.
434 1830 459 1835 —
476 1807 519 1846 Vos
538 1808 591 1846 enim
609 1809 629 1846 in
648 1808 758 1846 libertatem

67 1883 162 1921 vindicati
182 1882 239 1929 estis,
263 1882 371 1929 carissimi,
395 1882 456 1919 modo
476 1881 580 1933 (cucctc),
604 1895 629 1921 ne
646 1882 759 1922 libertatem

69 1957 216 2007 (convontus)
231 1957 252 1993 in
267 1957 356 1993 libidinis
371 1956 527 2004 irritamentum,
547 1957 581 1995 sed
602 1970 670 1994 amore
690 1962 759 1994 mutuo

69 2031 120 2069 alius
141 2031 174 2068 alii
187 2021 273 2069 servite.
304 2030 358 2068 Tota
374 2030 426 2068 enim
441 2030 476 2068 lex
491 2030 512 2067 in
528 2032 567 2069 hoc
583 2043 623 2069 nno
640 2030 760 2070 absolvitur:

33 2133 34 2136 η
69 2105 141 2156 diliges
163 2105 214 2144 alios
236 2105 312 2155 pariter
331 2109 389 2155 atque
412 2109 432 2143 te
451 2106 524 2155 ipsum.
554 2103 575 2143 Si
593 2118 643 2144 vero
663 2106 759 2150 mordetis

69 2192 106 2218 vos
121 2180 207 2217 invicem
224 2185 243 2216 et
259 2178 370 2227 devoratis,
385 2179 461 2226 videte,
478 2192 502 2217 ne
518 2185 586 2217 mutuo
604 2181 758 2218 consumamini.

69 2254 116 2292 Hoc
129 2254 177 2292 mihi
187 2254 247 2301 volo,
263 2253 334 2303 spiritu
351 2253 446 2291 ducimini
461 2257 521 2303 ‘atque
536 2254 564 2291 ita
576 2239 692 2300 libidinem,
709 2267 760 2304 quae

70 2328 90 2365 in
108 2340 195 2377 corpore
209 2328 271 2373 inest,
291 2340 332 2365 non
352 2328 482 2366 sectabimini.
511 2327 611 2367 Libidinis
627 2328 680 2366 enim
695 2329 761 2366 studia

69 2477 156 2514 invicem
173 2478 211 2515 sibi
222 2476 324 2515 contraria
335 2483 391 2525 sunt,
408 2489 442 2524 ne,
459 2489 510 2527 quae
520 2476 597 2524 velitis,
614 2490 637 2514 ca
647 2477 761 2527 perficiatis.

71 2548 156 2589 Sivero
172 2551 243 2601 spiritu
258 2550 363 2598 ducimini,
380 2564 421 2589 non
433 2552 480 2590 estis
491 2551 531 2602 legi
541 2551 631 2590 subiecti.
654 2552 762 2591 Manifesta

70 2631 135 2663 antem
155 2632 201 2664 sunt
218 2625 308 2664 libidinis
327 2626 402 2673 studia,
425 2626 479 2664 velut
502 2626 631 2674 adulterium,
655 2627 761 2674 scortatio,

71 2700 330 2748 immunditiemlascivia,
351 2701 476 2750 idololatria,
495 2701 623 2749 veneficium,
643 2702 761 2748 simultates,
