1723 3054
307 258 452 300 excursus
467 259 483 298 1.
597 304 602 312 s
700 259 742 315 ur

53 361 93 402 Sed
107 364 204 417 priorum,
220 364 236 401 si
252 363 274 403 P.
286 365 325 402 hoc
342 365 408 402 dicere
425 364 530 412 voluisset,
546 371 604 414 pute,
621 377 665 402 eum
681 377 741 403 voca-

53 437 101 477 bnlo
122 438 184 489 magis
206 440 313 489 perspicuo
338 452 418 477 usurum
440 438 512 485 fuisse,
535 452 580 476 nam
604 434 668 495 ὅφῖςη
693 436 740 494 ἀγ).

53 525 96 550 non
111 519 140 551 est
151 513 199 551 nisi:
215 504 375 567 corrupicicndanr
390 525 410 554 sc
427 514 501 566 dapalis
513 514 619 567 praebuit:
633 514 701 565 itaque
717 516 744 552 de·

31 595 36 629 ,ἰ
53 588 141 628 ntcrntn
156 588 281 638 potissimum
296 589 346 626 haec
361 588 445 638 intelligi
461 589 542 636 debere,
558 595 632 626 temere
647 590 741 637 sumitur;

55 662 126 700 deinde
144 663 164 700 in
182 670 276 714 promptu
296 669 325 701 est
340 663 380 700 alia
395 662 503 712 explica-tio
519 668 538 700 et
552 663 647 713 loquendi
664 664 707 701 usui
722 671 742 702 et

54 737 149 776 historiae
168 750 236 777 sacrae
256 738 335 789 egregie
353 737 514 784 accommoda-ta,
530 751 547 775 v.
562 736 700 776 Heumann,
716 740 741 777 ad

54 812 74 851 h.
90 811 102 851 l,
115 835 143 839 —
159 815 179 863 4)
195 812 219 850 Iu
235 813 279 863 ipso
295 812 342 850 loco
358 812 482 851 nobilissimo
499 809 543 850 Gal.
553 813 572 859 3,
586 815 616 850 tt.
628 816 660 853 ΞΟ,
676 814 742 852 inesse

54 888 161 926 arbitratur
172 887 207 934 V,
224 888 278 937 quod
294 900 348 925 suam
365 887 491 925 commendet
506 887 629 924 seutentiam,
655 886 742 936 Scilicet,

53 961 103 1013 legis
123 961 224 1000 mosaicae
243 968 345 999 auctorem
364 962 382 998 h.
402 961 414 998 l.
434 973 475 998 nou
494 961 560 1010 ipsum
576 960 643 999 Deum
658 963 693 1000 sed
708 975 743 1000 au-
798 1008 811 1014 -

54 1036 112 1087 gelos
138 1036 186 1084 dici,
212 1035 274 1074 tribus
299 1036 431 1087 argumentis,
462 1036 478 1074 si
503 1035 547 1074 Diis
572 1020 662 1086 placet,
675 1037 744 1074 efficit:

55 1111 74 1161 a)
98 1111 152 1162 quod
175 1111 230 1149 solus
248 1111 316 1149 Moses
335 1110 446 1161 appelletur
466 1110 565 1166 μεσίτης,-
588 1111 628 1147 iam
647 1124 707 1158 vero,
726 1113 743 1149 si

55 1186 90 1224 lex
105 1185 173 1224 aDeo
190 1186 235 1223 data
250 1190 291 1233 est,
308 1180 395 1239 ἄγγελοι
410 1185 468 1222 etiam
478 1184 559 1222 fuerunt
570 1184 664 1239 μεσίταιῐ
680 1185 743 1236 Egre-

42 1261 107 1312 *giam
122 1263 171 1299 ‘vero
190 1261 354 1310 disputationeml
385 1240 478 1307 Constat,
489 1258 579 1310 'angelos
595 1260 620 1297 ab
635 1259 742 1309 Hebraeis,

25 1358 27 1360 -
54 1336 89 1374 ubi
107 1349 145 1386 pro
165 1335 219 1373 Jova
237 1340 348 1385 ponantur,
371 1347 412 1372 non
432 1339 525 1384 tanquam
543 1346 642 1384 personas
661 1335 743 1373 arbitrio

55 1423 92 1449 suo
110 1411 229 1461 gaudentes,
252 1410 287 1448 sed
306 1416 399 1459 tanquam
419 1409 461 1446 eius
478 1408 535 1458 quasi
550 1409 682 1447 instrumenta
697 1422 743 1460 spe-

56 1485 114 1532 ctari,
133 1485 161 1521 ita
176 1491 197 1521 ut
215 1497 227 1520 a
246 1483 300 1521 Jova
318 1496 358 1520 uon
378 1473 440 1533 magis
460 1482 554 1533 distingui
572 1483 660 1532 possint,
684 1497 743 1534 quam

56 1572 127 1598 manus
146 1559 248 1596 huminum
267 1559 292 1596 ab
312 1558 426 1595 hominibus
444 1557 498 1607 ipsis.
530 1557 597 1604 Adde,
620 1559 675 1608 quod
694 1558 743 1596 haec

56 1648 69 1671 a
83 1632 147 1670 Paulo
165 1633 264 1682 disputata
279 1637 325 1670 sunt
340 1631 424 1669 iudaicis
440 1631 569 1680 opinionibus
585 1633 744 1679 accommodate3

56 1708 193 1746 Judaei'vero
211 1707 280 1745 Mosen
300 1705 386 1762 μεσίτην
397 1687 512 1756 praecipuo
528 1719 588 1744 sensu
603 1713 710 1755 vocarunt,
726 1720 745 1745 v.

56 1784 82 1820 ad
98 1785 121 1828 3,
138 1784 181 1827 20.;
204 1782 225 1831 b)
245 1780 328 1818 alterum
348 1788 484 1831 argumentum
500 1781 595 1819 desumsit
610 1781 634 1819 V.
651 1794 661 1818 e
677 1795 695 1818 v.
714 1784 744 1820 15.

56 1857 87 1895 Ita
105 1857 167 1894 enim:
190 1855 250 1902 „hier
271 1852 332 1893 heisst
347 1866 378 1899 es,
393 1853 468 1904 inquit,
485 1854 547 1892 schnn
564 1855 619 1892 eines
635 1855 744 1893 Menschen
764 1863 769 1869 ’

57 1931 197 1981 Versprecheu
213 1930 262 1966 oder
272 1928 332 1966 Bund
347 1928 413 1966 matht
428 1927 521 1965 niemand
538 1940 561 1965 so
576 1928 637 1965 leicht
653 1926 745 1979 ung'dltig

56 1985 74 2044 u.
98 2018 113 2043 s.
137 2019 160 2043 w.
193 2004 248 2041 Mnss
270 2003 302 2040 ich
323 1994 365 2039 'nun
382 2002 444 2039 'nicht
466 2002 597 2052 nothweudig
620 2002 652 2053 (l)
677 2004 744 2041 weiter

56 2080 177 2120 sohllesseu:
202 2077 240 2115 vicl
265 2077 351 2130 weniger
375 2076 424 2115 wind
447 2073 520 2114 Gottes
543 2075 601 2113 Bund
624 2062 672 2114 oder
696 2077 745 2115 Ver·

57 2155 155 2206 sprechen
175 2152 245 2206 irgend
261 2152 342 2201 jemand
363 2148 454 2202 ungdltig'
470 2151 553 2188 macheu
573 2150 658 2188 nullent
691 2151 746 2189 Wird

58 2229 102 2268 also
118 2219 173 2265 nicht
189 2227 278 2264 offenbar
298 2228 341 2273 der,
362 2225 447 2263 welcher
465 2224 522 2262 einen
541 2224 600 2262 Bund
618 2226 694 2272 macht,
713 2226 745 2263 ein

57 2300 199 2352 Versprechen
209 2300 274 2351 giebt,
291 2313 330 2337 von
346 2300 410 2337 einem
426 2299 511 2346 andern,
528 2299 563 2337 der
578 2298 633 2336 nicht
648 2311 670 2336 so
686 2299 747 2337 leicht

59 2378 123 2416 dieses
139 2375 278 2426 Versprechen
297 2371 387 2425 ungiiltig
406 2374 473 2411 macht
491 2373 540 2411 oder
556 2368 670 2411 demselben
685 2378 746 2413 etwas

58 2449 172 2503 hluzuliigt,
198 2448 364 2488 unterschieden?
394 2448 470 2487 Musste
495 2448 537 2486 sich
562 2446 605 2485 also
632 2445 687 2485 nieht
712 2448 747 2487 der

59 2526 144 2578 Apostel
160 2526 209 2573 den,
228 2525 263 2563 der
279 2524 310 2562 die
321 2511 459 2574 Verbeissuug
475 2522 563 2573 gegeben
579 2522 642 2570 hatte,
658 2522 688 2561 als
703 2536 747 2560 ver-

59 2602 152 2641 schieden
175 2613 214 2638 von
239 2600 303 2637 denen
318 2599 415 2644 vdenkeu,
439 2590 503 2635 durch
523 2597 555 2634 die
574 2610 606 2635 um
626 2597 660 2635 der
679 2594 746 2634 Sdnde

59 2676 125 2715 willen
149 2678 184 2713 das
204 2672 278 2712 Gesetz
299 2686 340 2711 war
358 2652 489 2723 hinzugefiigt
507 2671 622 2711 wordeu?“
641 2677 676 2708 etc.
707 2667 747 2707 Sed

58 2752 97 2790 hoc
113 2755 142 2789 est
156 2750 255 2801 argutari,
271 2749 288 2788 sl
304 2747 351 2799 quid
367 2747 430 2786 aliud!
447 2760 464 2785 v.
480 2749 509 2786 15.
525 2760 565 2784 non
577 2747 635 2783 habet
646 2745 683 2783 uisi
694 2745 747 2783 hunc

572 2811 610 2852 10*
