1723 3054
286 228 503 269 enonneouuua.
520 231 537 282 §—
550 232 576 268 31·
729 256 733 259 -
746 227 772 272 15

81 355 224 412 apostolicam
235 355 387 397 auctoritatem
398 358 533 410 competere,
549 353 600 403 inde
611 367 716 411 apparere
732 351 772 395 do-

81 441 127 490 cet,
154 432 214 491 quod
230 434 253 490 a)
269 434 324 486 haec
340 434 441 477 doctrina
456 448 501 475 non
516 434 548 476 ab'
559 433 648 476 homine
664 433 719 489 ullo,
742 449 770 476 ne

81 531 94 557 a
109 514 187 557 ceteris
204 513 293 570 quidem
311 513 430 572 apostolis,
454 512 494 556 sed
514 513 541 556 ab
560 513 608 570 ipso
625 512 713 557 Christo
730 513 773 556 sibi

81 594 222 652 suppeditata
236 594 301 637 fuerit
317 596 351 651 (1,
368 595 463 649 6-24.)
480 593 673 651 apostolorumque
688 595 772 650 gravis-

82 675 186 718 simorum
202 690 316 717 assensum
330 673 405 717 tulerit
420 676 454 730 (2,
473 675 514 717 l—
523 674 578 729 lc.);
605 674 626 729 b)
643 673 703 729 quod
718 672 773 716 adeo

81 754 212 797 Antiochiae
235 769 285 796 cum
306 746 384 808 Petro,
409 769 534 811 perversam
552 752 684 796 instituendi
707 753 774 795 ratio-

81 850 131 876 nem
153 839 263 889 sectante,
288 834 363 886 multis
386 819 526 876 audientibus
548 849 590 876 nec
611 840 686 876 tamen
709 832 773 890 quid-

74 929 148 969 ‘quam
163 912 344 970 obloquentibus,
368 913 539 969 expostulaverit
559 914 773 969 (2,11—21.).-
825 938 827 941 f

81 992 111 1035 ΙΙ.
140 991 231 1035 Nullam
253 1007 301 1035 esse
324 991 418 1049 amplius
442 993 571 1049 disciplinae
594 992 704 1035 mosaicae
728 992 774 1034 vim

84 1078 105 1115 et
128 1072 291 1127 auctoritatem,
314 1072 366 1115 inde
386 1071 532 1127 demonstrat,
559 1072 619 1128 qiiod
645 1072 668 1128 a)
687 1071 774 1125 Galatis

84 1152 157 1194 omnia
179 1152 285 1195 beneficia
308 1151 455 1211 πνευματικοί,
481 1153 561 1209 quibus
582 1153 703 1209 gaudeant,
729 1168 774 1195 non
799 1142 801 1144 ‚

83 1248 123 1290 per
140 1233 222 1289 legem
232 1232 273 1275 sed
291 1248 330 1289 per
349 1234 417 1278 πίστιν
436 1233 579 1276 christianam
594 1233 727 1289 contigerint
742 1233 774 1289 (3,
796 1269 798 1271 >

86 1314 176 1369 1—5.);
203 1313 223 1368 b)
244 1312 304 1369 quod
322 1312 449 1355 Abrahamo
468 1313 542 1356 lutura
559 1295 698 1370 posterorum
716 1312 775 1356 salus

84 1393 189 1436 diuinitus
209 1392 316 1449 promissa
333 1393 399 1435 luerit
416 1398 506 1450 propter
525 1396 584 1450 fidem
600 1393 652 1441 Deo
674 1394 773 1436 habitam

85 1475 120 1529 (ut
146 1488 202 1529 quae
228 1473 284 1527 sola,
309 1478 387 1515 natura
409 1488 459 1529 sua,
486 1473 588 1515 salutem*
603 1473 679 1516 afferre
704 1473 775 1530 possit
794 1474 800 1478 “

86 1543 200 1609 10—13'.)
216 1554 241 1608 3,
258 1554 356 1597 ss-la:
382 1567 448 1609 quam
462 1553 631 1609 promissionem
647 1545 714 1596 docet
726 1553 775 1610 lege

85 1634 183 1676 mosaica
194 1639 288 1689 quatuor
298 1633 378 1676 seculis
391 1639 443 1690 post
458 1633 539 1689 scripta
554 1632 603 1675 tolli
617 1648 662 1675 non
676 1633 776 1690 potuisse
821 1638 828 1690 ’ρ

85 1715 109 1768 3,
127 1714 249 1768 15-18.,
275 1712 315 1755 sed
336 1713 409 1769 legem
432 1713 553 1776 accessisse
573 1720 678 1769 tanquam
699 1717 775 1758 παιδα-

78 1792 152 1851 γωγόν
169 1794 334 1848 &lb—25,
358 1808 417 1835 nuno
438 1808 501 1849 vero,
528 1808 634 1836 concessa
648 1792 776 1836 hominibus

86 1872 204 1929 disciplina
219 1873 348 1928 christiana,
365 1888 407 1914 non
423 1887 478 1930 opus
495 1888 543 1915 esse
559 1873 652 1929 amplius
668 1873 777 1916 eiusmodi

84 1951 214 2010 paedagogo
231 1954 255 2007 3,
271 1952 298 1995 26
309 1978 333 1983 -
343 1952 388 2006 29,
405 1952 441 1994 cui
456 1952 495 2008 qui
509 1959 595 2009 pareat,
611 1952 712 1995 servituti
727 1969 777 2017 eum

85 2031 197 2075 addictum
213 2047 261 2079 esse
276 2033 300 2087 4,
313 2034 328 2089 l
338 2032 409 2087 -3ss,
433 2033 460 2075 ab
476 2031 518 2074 hac
535 2038 608 2075 autem
623 2033 727 2076 servitute
742 2034 789 2076 re-'
848 2072 853 2081 ,

86 2112 180 2156 demisse
208 2128 249 2156 nos
274 2112 361 2168 Deique
389 2115 441 2168 filios
466 2111 591 2155 reddidisse
617 2112 730 2156 Christum
755 2116 776 2169 4,

85 2194 175 2244 4-7.;
206 2191 353 2249 deplorandos
376 2192 444 2248 igitur
470 2207 519 2234 esse
544 2190 635 2235 Galatas
660 2198 726 2248 atque
751 2208 777 2236 eo

86 2272 166 2328 magis,
192 2286 236 2326 quo
259 2271 361 2327 cupidius
381 2277 445 2314 autea
463 2270 528 2313 Pauli
545 2271 705 2321 iustitutionem
725 2273 778 2315 arri·
835 2287 840 2294 ‘

86 2351 187 2407 puisseut
201 2352 227 2405 4,
243 2352 292 2395 8—
301 2352 346 2402 23.;
373 2351 393 2406 c)
408 2350 498 2393 tertium
513 2357 668 2407 argumentum
684 2368 711 2395 ex
726 2353 778 2397 alle-

88 2429 165 2488 gorica
182 2431 326 2486 narrationis,
353 2446 409 2487 quae
430 2429 458 2474 de
477 2428 532 2473 Sara
547 2436 614 2487 atque
628 2431 718 2489 Hagare
737 2441 777 2490 est,

87 2511 234 2574 euplicatione
249 2511 354 2555 desumit:
371 2509 425 2553 dicit
441 2510 498 2554 enim
513 2510 636 2568 Hagarem,
652 2518 678 2555 ut
693 2529 779 2557 servam

88 2599 109 2633 et
130 2592 187 2635 servi
205 2598 305 2648 matrem,
331 2590 455 2649 siguificare
476 2602 565 2648 gentem
587 2592 707 2645 iudaicam,
733 2594 778 2652 legi

88 2671 220 2728 subiectam,
237 2671 374 2716 Christianos
391 2676 467 2713 contra
483 2671 561 2716 aSara
576 2673 683 2731 originem
698 2673 785 2718 ducere>
