1723 3054
350 225 494 266 EXOURSUS
510 227 525 265 Ι.
587 244 591 247 >
744 221 784 265 139

95 332 195 383 vitamque
210 336 311 370 aeternam
326 338 420 383 tanquam
436 330 547 382 praemium
563 342 600 369 suo
615 330 659 368 iure
670 328 785 379 acciperent

96 406 163 456 (Rom.
180 411 203 454 4,
220 409 238 444 4.
262 406 286 445 cf.
305 409 340 454 11,
357 409 375 445 5.
393 407 426 457 6.).
457 406 476 443 Α
499 406 622 444 νοιοίιοιιιο
640 404 716 451 omnia,
733 415 784 454 quae

95 480 129 519 lex
143 472 269 532 postulabat,
288 481 395 531 praestitit,
411 481 451 518 imo
467 484 543 518 tantum
559 481 639 527 aberat,
654 485 676 517 ut
690 478 731 529 legi
746 478 784 517 ob·
815 498 819 502 ’

95 559 230 605 temperarent
249 551 323 610 (νόμον
339 559 415 606 ποιεῖν,
430 551 487 613 νόμῳ
505 551 631 606 δουλεύειν),
653 560 683 601 ut,
699 554 723 592 ab
739 553 784 604 ipsa

96 630 146 667 adeo
162 630 206 682 iege
220 629 344 668 irritamenta
359 630 413 668 nacti
429 629 495 682 (Rom.
509 632 528 677 i,
545 632 563 666 8.
578 630 628 679 11),
645 629 709 667 omnis
725 641 784 682 gene-

97 704 124 743 ris
139 704 218 755 flagitiis
235 705 328 755 omnique
343 704 461 755 turpitudini
471 704 573 744 studerent
584 702 650 756 (Rom.
663 707 682 752 ⁶2,
696 706 719 742 17
731 706 783 756 sqq.)
801 685 811 746 ,ι

96 779 187 831 adeoque
207 778 276 836 νεκροὶ
295 774 628 835 e’r'rotrnapunrdpnn1001.
645 782 669 827 2,
688 781 730 829 13.)
747 777 786 822 uoti
820 783 823 785 ’

96 859 145 904 ταῖς
161 850 278 911 ἁμαρτίαις
293 854 355 905 (Epir,
367 858 387 903 2,
405 859 421 893 1.
439 856 467 907 5.)
483 859 555 893 essent.
576 853 646 902 ¹Quare
662 856 716 893 omni
731 855 784 906 apud

96 928 160 968 Deum
179 929 238 969 laude
257 931 351 969 carebant
371 925 518 986 (ὑστεροῦντες
536 929 576 986 τῆς
595 926 656 987 δόξης
675 930 713 973 τοῦ
733 931 785 975 0seor]
845 988 849 990 -

97 1003 154 1043 Rom.
171 1007 194 1053 3,
211 1006 255 1056 23.)
271 1005 411 1056 debebantque
426 1018 503 1056 poenas
520 1005 596 1044 divinas
612 1011 700 1044 metuere
716 1005 785 1057 (Rom.

97 1083 116 1127 2,
130 1082 161 1117 12.
181 1078 225 1118 Coi.
242 1083 262 1128 2,
281 1083 323 1128 14.,
339 1074 378 1123 ὑπὸ
394 1075 492 1136 κατάραν
508 1075 570 1131 ’ὄντες
586 1078 631 1118 Gai.
649 1083 668 1128 3,
687 1083 717 1118 10.
729 1082 785 1131 22.);

97 1167 144 1193 nam
159 1155 210 1206 legis
226 1155 280 1206 haec¹
291 1160 322 1200 est
337 1161 408 1193 natura
424 1162 443 1194 et
459 1154 549 1203 indoles,
572 1161 592 1193 ut
606 1168 684 1206 poenas
700 1154 785 1194 minetur

96 1228 162 1280 (Rom.
180 1233 199 1277 4,
218 1232 249 1269 15.
266 1227 336 1268 iOor.
349 1232 369 1278 3,
386 1231 423 1281 8.);
433 1236 599 1286 poenaeautem·
612 1229 660 1268 illae
676 1231 785 1269 cerneban-

44 1346 46 1349 ,
96 1305 163 1343 turin
179 1310 243 1343 morte
258 1310 355 1355 perpetua
370 1302 437 1354 (Rom,
450 1306 469 1352 5,
489 1306 610 1344 1111851,
627 1308 647 1352 7,
666 1308 697 1343 13.
714 1307 733 1353 8,
751 1307 786 1357 6,),

97 1379 171 1430 quippe
187 1391 238 1429 quae
252 1379 317 1428 primo
334 1380 406 1417 Adami
420 1359 506 1429 peccato·
520 1384 564 1417 orta
579 1384 631 1419 esset
647 1378 715 1431 (Rom.
728 1382 747 1427 5,
762 1382 784 1417 te

95 1454 154 1504 sqq.)
186 1452 226 1492 sed
245 1465 270 1491 ex
286 1453 323 1491 hae
339 1459 404 1492 tamen
420 1460 479 1505 atque
494 1459 550 1491 tanta
566 1454 646 1492 miseria
661 1454 736 1492 exemit
750 1467 786 1493 eos

96 1526 134 1565 Dei
145 1527 268 1578 benignitas:
283 1527 301 1565 is
312 1528 373 1576 enim,
389 1541 447 1567 mera
462 1541 510 1580 erga
525 1528 617 1568 homines
633 1528 697 1579 gratia
712 1534 785 1576 motus,

96 1602 150 1640 misit
164 1602 185 1639 in
200 1602 237 1640 has
252 1610 317 1641 terras
331 1600 441 1650 Christum,
458 1604 501 1654 qui,
515 1598 604 1641 humana
618 1604 699 1642 indutus
715 1608 787 1641 natura

98 1676 176 1728 legique
192 1681 211 1714 et
225 1677 270 1727 ipse
285 1677 386 1715 subiectus
403 1676 469 1726 (Rom.
482 1678 501 1725 8,
514 1680 531 1715 3.
548 1675 592 1715 Gai.
605 1681 624 1725 4,
636 1678 674 1727 4),
691 1678 725 1716 sed
740 1691 787 1727 pec-

98 1740 226 1801 cati-expers
236 1751 262 1801 ¹(2
275 1749 321 1790 Gor.
334 1753 353 1799 5,
366 1753 419 1803 et),
435 1752 537 1790 hominum
554 1752 601 1790 loeo
616 1758 700 1791 mortem
709 1736 787 1790 ⁶cruen÷

96 1832 136 1864 tam
153 1830 256 1876 oppeteret
266 1826 293 1875 ⁵⁰)
311 1825 385 1876 eique,
402 1826 568 1877 quemadmodum
583 1826 648 1865 Deum
666 1828 723 1866 nobis
739 1841 786 1878 pro-

95 1901 165 1952 pitium
181 1900 248 1950 (Rom.
260 1903 279 1949 5,
298 1903 329 1939 10.
349 1899 418 1939 icor.
431 1904 450 1950 5,
464 1904 494 1939 18,
510 1901 561 1952 eph,
574 1904 594 1950 2,
607 1905 638 1940 16.
655 1899 698 1940 001.
713 1905 731 1950 1,
743 1904 785 1954 20.)

98 1988 175 2026 nosque
189 1975 246 2026 ipsos
262 1988 274 2013 a
287 1975 359 2026 poenis
369 1975 445 2015 liberos
457 1974 510 2027 (Gai
525 1980 542 2023 1,
555 1980 573 2015 4.
589 1976 663 2028 Ephes.
678 1982 695 2025 1,
707 1980 718 2014 7
741 1976 784 2016 001.

99 2054 120 2098 1,
138 2054 169 2088 14.
193 2053 217 2098 2,
235 2045 277 2101 132)
297 2050 390 2089 redderet
408 2074 437 2079 —
455 2056 561 2103 utrumque
579 2052 631 2091 inest
648 2052 670 2090 in
685 2065 740 2091 voce.
757 2054 785 2095 δι-

97 2120 222 2181 καιοσύνης,
245 2122 386 2183 δικαιώσεως,
408 2126 544 2168 annotator
559 2150 594 2174 —-,
610 2128 638 2165 ita
659 2124 786 2177 disciplinam

96 2199 154 2237 etiam
166 2198 274 2238 mosaicam
288 2196 330 2249 (τὸν
341 2197 412 2255 νόμον)
424 2200 504 2239 tolieret
514 2199 561 2251 (Gal
580 2203 599 2248 3,
614 2203 643 2239 13.
660 2205 680 2249 4,
692 2204 710 2240 5,
726 2202 785 2241 Rom.

99 2276 133 2321 10,
150 2274 183 2320 4.)
214 2271 274 2312 Unde
295 2279 351 2323 patet
374 2274 393 2324 a)
417 2275 516 2313 neminem
539 2267 601 2325 posse
621 2276 646 2318 ἐκ
661 2277 702 2334 ιτοῦ
721 2274 786 2334 νόμον

95 2408 230 2415 -—--———-

141 2499 169 2541 50)
188 2499 217 2532 Ita
236 2510 274 2531 cnm
289 2498 375 2542 theoiogis
391 2501 427 2533 fere
443 2503 522 2535 omnibus
539 2505 652 2538 statuendum
669 2509 749 2542 existimo
765 2511 786 2543 de

95 2561 151 2590 morte
167 2557 233 2590 Christi
248 2554 280 2601 τῆς
298 2552 414 2602 δικαιοσύνης
430 2568 549 2601 οιιιιεειι,,ιιοο
564 2572 634 2595 movere
649 2575 677 2597 me
692 2570 786 2608 potuerunt

95 2616 168 2647 aliorum
180 2625 235 2658 nuper
247 2616 346 2658 propositae
359 2616 396 2655 sive
409 2617 496 2659 rationes,
510 2627 547 2660 seu,
561 2624 581 2651 ut
593 2622 658 2654 rectius
671 2622 735 2664 dicam,
749 2626 785 2665 opi-

94 2673 198 2714 niones„ut
210 2683 267 2705 meam
280 2683 300 2705 ea
311 2672 332 2704 de
340 2682 359 2704 re
368 2675 474 2706 sententiam
483 2679 574 2710 mutarem.
594 2676 629 2711 Sed
638 2689 701 2721 operae
709 2682 785 2722 pretium

96 2733 130 2770 est,
144 2729 165 2761 de
177 2730 267 2763 novahae
279 2730 387 2765 dissensione
400 2731 434 2765 alio
447 2732 488 2766 loco
500 2734 570 2769 uberius
584 2735 674 2771 disserere.
