1723 3054
73 230 112 277 140
326 234 473 275 EXCURSUS
489 237 503 274 l.

75 340 212 383 ὃικαιοῦσῇαι
223 337 277 389 (Gal.
290 343 309 387 2,
323 343 353 378 16.
370 343 389 388 3,
404 344 434 378 11.
451 344 520 391 5,=4.},
536 342 571 380 sed
588 354 666 380 omnem
682 344 760 385 ituatu-

74 410 134 469 σόνην
150 427 162 451 ιι
177 414 221 453 sola
231 413 270 452 Dei
285 415 405 466 benignitate
422 415 567 464 (δικαιοῦσῖιαι
581 412 661 472 δωρεὰν
671 417 699 474 τῇ
709 418 760 460 3εοῦ

72 484 142 543 χάριτι
161 488 219 527 Rom.
236 493 259 535 4,
276 492 321 537 24,
345 485 404 531 κατὰ
424 486 483 545 χάριν
503 489 562 528 Rom.
582 494 606 538 4,
628 494 669 539 la,
692 488 762 547 χάριτι,

72 564 199 619 σεσωσμένοι
213 564 265 619 Eph.
283 566 302 611 2,
319 566 337 602 5.
355 566 365 602 8
389 565 433 603 add.
450 564 508 603 Rom.
526 569 548 613 9,
568 568 590 602 12
607 567 662 616 sqq.)
679 572 760 617 propter

71 635 146 676 Christi
161 644 244 677 mortem
261 639 376 690 contingere
396 640 522 688 hominibus,
546 641 580 690 qui
597 641 655 678 fidem
675 641 762 679 habeant

31 763 33 767 .
74 709 204 770 (δικαιοσύνη
222 709 398 755 ἀποκαλύπτεται
414 714 438 756 ἐκ
454 714 545 764 πίστεως
560 714 618 753 110111Δ
633 720 650 762 l,
665 718 695 752 17·
711 714 762 754 Phil.
814 745 817 746 γ
860 721 861 750 ἐ

74 787 92 834 3,
110 790 140 834 9.,
160 787 238 838 πίστει,
259 788 284 829 ἐκ
299 788 391 837 πίστεως
407 789 527 831 δικαιοῦται
543 776 603 845 ἅνῗιρ-
619 788 711 837 1101113,
728 793 779 828 28.”

71 859 116 899 Gal.
135 864 157 909 2,
176 864 218 910 13,
239 857 275 904 ἐὰν
295 858 419 919 πιστεόσης,
441 859 529 920 σωῖιηση
549 862 602 901 Rom
627 867 663 911 10,
681 866 718 915 92l3
736 888 760 893 ·-

72 937 93 987 b)
111 933 176 990 νόμου
195 941 253 987 atque
270 938 321 975 adeo
337 937 454 995 περιτομῆς
471 951 511 976 nou
527 951 570 977 esse
587 939 672 989 amplius
687 940 727 977 vim
743 945 762 977 et

72 1012 210 1050 auctoritatem
226 1011 294 1062 (Rom.
312 1015 331 1060 7,
348 1016 366 1050 4.
389 1010 457 1050 1001.
472 1016 503 1061 10,
516 1015 548 1051 25.
565 1011 609 1051 Gal.
623 1016 642 1062 2,
656 1017 686 1051 19.
703 1018 723 1062 4,
738 1017 774 1052 10>

72 1099 110 1138 sqq
133 1084 207 1136 0012,
222 1091 251 1126 16.
269 1090 293 1125 21
306 1100 349 1139 sqq.
367 1081 411 1126 Gal.
424 1090 444 1135 5,
457 1090 474 1126 2.
493 1091 511 1136 3,
531 1090 579 1140 15.);
595 1112 623 1116 —
639 1089 656 1139 ο)
673 1102 762 1141 paganos

72 1162 131 1199 ctiam
148 1163 173 1200 ad
189 1168 290 1201 aeternam
305 1162 418 1202 felicitatem
434 1176 495 1213 posse
511 1163 626 1214 adspirare:
646 1177 690 1201 nam
707 1163 762 1203 Deus

72 1238 165 1276 omnibus
184 1238 299 1277 hominibus
319 1239 370 1277 bene
391 1239 446 1288 cupit
465 1237 534 1289 (Rom.
552 1241 575 1287 3,
593 1242 651 1289 75),
672 1237 762 1278 Christus

73 1313 162 1350 omnium
179 1326 250 1351 caussa
265 1319 354 1351 mortuus
371 1319 400 1351 est
415 1313 475 1363 (Eph.
489 1316 507 1360 2,
524 1316 546 1350 12
558 1326 586 1364 sq.
600 1316 619 1361 3,
633 1314 669 1364 6.),
680 1316 762 1365 pagani,

72 1387 105 1438 qui
115 1388 179 1426 ‘fidem
190 1389 265 1427 habent
273 1386 366 1435 Christo,
382 1388 457 1426 similes
468 1394 515 1427 sunt
526 1388 642 1427 Abrahamo
654 1389 684 1447 τῷ
695 1389 762 1448 πιστῷ

71 1467 129 1513 atque
145 1464 194 1501 adeo
212 1464 254 1501 eius
270 1466 311 1501 veri
326 1463 362 1500 filii
378 1462 446 1513 (Rom.
458 1467 478 1511 4,
493 1460 578 1501 ttsGal
597 1466 616 1511 3,
631 1466 681 1514 10),
697 1460 762 1518 νόμος

74 1538 169 1588 denique,
193 1538 227 1589 qui
250 1538 288 1575 fuit
305 1533 330 1579 τὸ
351 1534 473 1593 μεσότοιχον
492 1538 529 1580 τοῦ
550 1538 649 1596 φραγμοῦ
670 1538 761 1577 ludaeos

71 1612 123 1650 inter
139 1618 158 1650 et
172 1625 275 1664 paganos,
291 1612 362 1650 cecidit
378 1612 460 1663 quhes.
473 1615 492 1660 2,
512 1616 557 1663 14).
580 1596 674 1652 Felicitas
690 1620 761 1661 autem,

75 1700 125 1738 quae
140 1694 206 1725 manet
221 1687 311 1725 homiues
328 1686 372 1725 Deo
388 1687 528 1726 reconciliatos
547 1687 614 1746 (11τῷ
630 1687 713 1746 Χριστῷ
729 1703 761 1730 πι-

77 1758 202 1813 στεύοντας,
219 1762 332 1800 continetur
348 1777 375 1818 τη
392 1762 435 1818 ζωῇ
451 1775 467 1801 s.
479 1761 522 1818 ζωῇ
534 1761 610 1820 αἰωνίῳ
619 1761 688 1812 (Rom.
698 1765 717 1809 5,
731 1764 761 1799 17.

75 1839 94 1883 8,
107 1839 125 1873 6.
139 1837 171 1873 30.
188 1834 233 1874 Gal.
247 1839 265 1884 6,
278 1839 295 1874 S.
312 1834 355 1873 Col.
368 1837 387 1883 3,
401 1838 418 1873 3.
439 1839 446 1873 1
459 1836 529 1874 Thess.
542 1839 561 1883 5,
576 1839 606 1873 10.
621 1836 655 1888 al)
670 1841 762 1874 vocatur-

73 1923 111 1962 que
129 1911 203 1961 passim
222 1905 235 1966 i,
253 1910 383 1966 κληρονομία
399 1908 456 1961 (Gal,
470 1913 488 1957 3,
503 1913 534 1950 18.
550 1910 625 1961 Ephes.
639 1914 657 1958 1,
671 1913 701 1947 14.
718 1908 761 1949 001.

73 1986 92 2032 3,
105 1988 136 2022 24.
153 1986 178 2023 ef.
190 1982 235 2023 Gal.
248 1987 267 2032 3,
280 1987 312 2022 29.
329 1987 349 2032 4,
362 1987 388 2033 7.)
406 1990 425 2022 et
440 1984 538 2037 βασιλεία
553 1985 606 2028 &eoi
622 1983 676 2034 (Gal.
689 1988 708 2032 5,
720 1986 762 2036 21.)

73 2060 106 2110 (cf.
122 2065 188 2097 tamen
204 2060 229 2097 de
240 2060 277 2097 hac
289 2071 338 2097 voce
349 2058 465 2110 Koppius
480 2059 501 2097 in
517 2059 568 2097 Exe.
580 2055 595 2097 1,
613 2059 638 2096 ad
657 2047 672 2095 1.
689 2055 719 2109 ep.
736 2059 762 2097 ad

74 2134 144 2174 Thess.
160 2148 179 2185 p.
197 2137 222 2172 92
239 2135 297 2185 sqq).

131 2212 149 2247 2.
169 2209 295 2260 Disciplinae
310 2209 412 2257 iudaicae,
429 2221 541 2260 quanquam
557 2208 651 2248 divinitus
667 2209 762 2248 constitu-

71 2291 102 2323 tae
118 2284 217 2343 1R011127a
231 2285 270 2333 12.)
286 2284 374 2323 indolem
389 2284 465 2336 passim
480 2284 507 2322 ita
523 2284 610 2323 declarat
623 2282 656 2332 P.,
673 2289 693 2322 ut
707 2284 762 2323 illam

50 2413 51 2416 Ἴ
73 2365 166 2415 στοιχεῖα
176 2360 213 2402 τοῦ
226 2356 306 2415 κόσμον
318 2358 372 2409 (Gal.
385 2362 404 2407 3,
416 2363 433 2398 4.
448 2360 486 2410 a),
502 2355 593 2415 γράμμα
605 2361 624 2411 12
637 2357 683 2397 Cor.
697 2361 715 2407 3,
729 2362 762 2410 6.),

73 2430 209 2491 παλαιότητα
224 2431 353 2490 γράμματος
372 2433 443 2484 (Rom.
462 2437 483 2481 7,
501 2434 541 2485 6,),
562 2433 656 2476 δουλείαν
676 2434 763 2485 denique

73 2508 157 2562 (Gali,
171 2509 195 2561 1.)
212 2509 309 2560 appellet,
331 2510 451 2548 christianae
467 2513 537 2547 contra
553 2513 643 2547 naturam
660 2508 763 2548 vocabulis

73 2581 195 2639 πνεύματος
211 2585 231 2634 (2
249 2582 295 2624 Cor.
313 2587 334 2632 3,
353 2586 391 2636 6.),
411 2579 538 2640 καινότητος
553 2579 675 2637 πνεύματος
692 2583 761 2643 (Rom.

74 2662 92 2706 7,
111 2660 148 2708 6.),
165 2658 289 2714 ἐλευὲιερίας
304 2657 425 2709 (Galat.
440 2658 481 2708 13)
498 2657 599 2708 designat,
619 2659 672 2696 unde
691 2659 721 2705 fit,
743 2664 763 2696 ut

72 2733 163 2771 iudaeos
178 2734 266 2790 νηπίους
282 2732 335 2783 (Gal.
352 2737 372 2781 4,
390 2732 427 2782 3.),
444 2727 584 2782 δουλεύοντας
599 2730 654 2782 (Gal.
666 2735 686 2780 4,
703 2735 720 2771 9.
737 2732 762 2771 ef.
