1723 3054
102 248 142 294 148
338 249 483 304 uxouasus
498 251 513 289 Ι,
530 251 555 290 u.

102 367 192 393 sensum:
211 354 298 392 hominis
318 351 413 412 διαῖἳήκη
434 354 495 393 semel
511 356 588 393 sancita
603 368 645 393 non
661 354 719 393 facile
734 355 790 393 irrita

102 429 202 477 redditur,
218 429 253 468 sed
269 442 305 467 sua
320 429 359 479 ipsi
375 435 441 468 manet
451 430 482 468 vis
493 434 512 480 et
522 430 636 469 auotoritas.
660 429 710 469 Voe.
722 426 791 479 οὐδείς

102 518 143 542 non
158 504 287 554 premendum
307 511 347 551 est,
367 517 404 542 neo
423 504 631 543 necessariohabere
650 506 717 553 debet,
737 506 791 555 quod

102 580 140 618 sibi
159 579 289 630 respondeat,
309 580 329 617 in
346 578 410 618 Paulo
431 579 559 630 praesertim,
578 580 611 630 qui
631 594 642 617 a
661 585 703 619 lam
721 579 791 630 putido

103 654 243 692 concinnitatis
258 655 324 692 studio
340 655 417 692 alienus
431 661 467 693 est.
490 653 582 704 Denique
599 657 616 704 e)
630 655 684 692 addit
695 654 729 702 V,
740 653 791 692 Pau-

102 729 152 776 lum,
173 742 216 766 oum
237 729 308 766 doceat
326 732 333 765 l
351 729 402 767 Tim.
420 732 440 776 2,
456 732 474 767 5.
496 728 533 771 ἕνα
551 741 594 767 esse
613 724 675 779 ἶνεόν,
698 728 735 770 ἕνα
754 726 791 770 καί

105 803 191 860 μεσίτην
207 802 259 846 ‘brol
275 802 313 845 καί
329 799 456 859 didonium,
473 799 584 859 duranno
600 799 689 863 Χριστὸν
702 799 791 860 Ἰησοῦν,

104 891 144 916 non
165 878 254 927 potuisse
274 879 293 915 h.
312 878 325 917 l.
345 879 415 917 Mosen
439 878 526 934 μεσίτην
549 880 631 931 uocare!
664 877 711 916 Hoo
733 890 791 928 quarn

104 952 208 990 ridiculum
225 953 260 998 sit,
277 953 359 1003 quisque
380 953 442 1000 videt;
461 953 501 990 alia
520 954 572 990 eninr
592 953 641 1000 hoe,
660 952 699 990 alia
717 952 755 990 illo
771 953 791 989 in

104 1027 150 1064 loeo
171 1033 201 1065 est
224 1027 309 1083 μεσίτου
333 1028 464 1078 significatio!
494 1025 533 1065 Sed
554 1031 632 1078 egregie
651 1028 716 1065 taedet
734 1027 792 1065 huius

104 1102 255 1152 disputationis3
272 1114 308 1151 neo
324 1102 354 1139 vir
370 1103 450 1149 doetus,
472 1103 569 1157 arbitror,
589 1102 609 1138 iu
625 1102 723 1139 eiusmodi
739 1113 792 1139 oom-

105 1182 170 1214 menta
185 1177 281 1214 deductus
300 1177 380 1223 fuisset,
400 1176 427 1223 si,
447 1176 524 1226 qualem
543 1176 616 1214 Judaei
635 1174 673 1226 (N.
693 1177 751 1214 etiam
767 1175 791 1213 T.

105 1252 230 1302 scriptores),
248 1251 365 1301 angelorum
388 1251 491 1289 notionem
515 1252 553 1289 sibi
575 1251 737 1298 informaverint,
762 1264 792 1288 re-

105 1331 200 1375 putasset.

269 1670 555 1754 EXCURSUS
587 1672 625 1753 ll.

106 1938 138 1977 DE
156 1937 254 1977 l‘llNEllll
270 1936 342 1978 PAULI
358 1935 603 1984 uranosonrulrurm,
616 1936 686 1977 CUlUS
698 1936 793 1977 lllllNllO

345 2011 384 2051 llll
400 2009 450 2050 clu
467 2010 485 2052 2.
503 2024 517 2050 v.
534 2009 551 2052 1.

162 2148 211 2188 Cum
230 2148 304 2188 Paulus
325 2150 396 2199 Apost.
418 2149 464 2186 inde
486 2149 511 2186 ab
534 2162 558 2186 eo
581 2154 681 2199 tempore,
706 2161 745 2200 quo
768 2149 792 2187 ad

104 2238 162 2264 sacru
182 2225 290 2263 christiana
310 2224 423 2270 transierat,
442 2236 505 2274 usque
525 2223 549 2260 ad
569 2224 689 2274 captivitatis
707 2224 793 2274 primor-

105 2301 147 2348 dia,
168 2300 206 2337 tria
225 2299 307 2337 omnino
328 2298 442 2337 ard-urbem
456 2297 646 2349 Hierosolymorum
662 2297 733 2338 fecisse
748 2311 793 2336 nar-

103 2381 159 2413 retur
173 2374 244 2412 itinera
260 2375 311 2425 (Aet,
329 2376 348 2422 9,
365 2376 397 2411 26.
414 2373 438 2412 of.
455 2371 499 2411 Gal.
515 2377 531 2421 l,
547 2374 587 2420 18.;
603 2374 647 2412 Aet.
662 2375 793 2421 11‚27.30.;

105 2450 214 2500 Act.15.),
231 2461 255 2485 eo
271 2449 292 2486 in
307 2449 363 2496 loco,
380 2460 438 2499 quem
454 2447 621 2498 significavimus,
638 2447 713 2497 duplex
729 2449 794 2487 nasci-

105 2530 137 2562 tur
153 2524 254 2574 quaestio,
270 2536 319 2561 una:
335 2523 437 2574 quodnam
452 2522 523 2561 horum
539 2522 632 2560 itinerum
649 2518 793 2565 verbisvnollm

105 2595 181 2654 ἀνέβην
202 2597 323 2646 declaretur,
342 2598 413 2636 altera:
433 2598 480 2648 quid
499 2597 537 2636 sibi
552 2596 613 2636 velint
627 2597 663 2635 illa
678 2594 714 2639 διὰ
730 2599 793 2640 δεκα-

104 2670 212 2729 τεσσάρων
230 2673 281 2715 ε’τῶν
300 2674 306 2711 i
332 2687 348 2713 e.
370 2673 422 2711 unde
441 2673 491 2712 haee
509 2686 607 2711 annorum
629 2676 652 2728 Μ
671 2673 793 2723 computatio

104 2749 156 2787 facta
178 2749 209 2788 sit.
240 2748 300 2787 Varie
323 2754 388 2787 autern
408 2749 446 2786 hae
466 2749 491 2787 de
509 2762 531 2786 re
551 2752 645 2788 statutum
666 2753 695 2786 est
714 2760 726 2786 a
744 2747 793 2786 viris
